=LDR  01283ntm a22003131i 4500
=001  uab09279649
=003  UAB
=005  20141021172636.0
=006  m|||||o||d||||||||
=007  cr||||||||||||
=008  141021t19771977xx\adf\\obm\\\000\0\eng\d
=040  \\$aUAB$beng$erda$cUAB
=050  \4$aQC176.8.R35$bC35 1977
=090  \\$aInternet Access$bAEU
=100  1\$aCalder, Iain Douglas,$eauthor.
=245  10$aMeasurements of the temperature and frequency dependence of longitudinal sound in hexagonal-close-packed helium-4 /$cby Iain Douglas Calder.
=264  \1$c[1977]
=264  \4$c©1977
=300  \\$a1 online resource (x, 130 pages) :$billustrations
=336  \\$atext$btxt$2rdacontent
=337  \\$acomputer$bc$2rdamedia
=338  \\$aonline resource$bcr$2rdacarrier
=500  \\$a"A thesis submitted to the Faculty of Graduate Studies and Research in partial fulfilment of the requirements for the degree of Doctor of Philosophy in Low Temperature Physics, Department of Physics."
=502  \\$bPh. D.$cUniversity of Alberta$d1977.
=504  \\$aIncludes bibliographical references (pages 118-124).
=650  \0$aSolid helium$xAcoustic properties.
=650  \0$aHelium at low temperatures.
=710  2\$aUniversity of Alberta.$bDepartment of Physics.
=900  \\$aNK34305
=949  \\$zUAIN$zETHESIS

