=LDR  01339ntm a22003251i 4500
=001  uab09279657
=003  UAB
=005  20141021173654.0
=006  m|||||o||d||||||||
=007  cr||||||||||||
=008  141021t19771977xx\\\\\\obm\\\000\0deng\d
=040  \\$aUAB$beng$erda$cUAB
=050  \4$aPR6019.O9$bU433 1977
=090  \\$aInternet Access$bAEU
=100  1\$aCooper, Margaret,$eauthor.
=245  10$aDos Passos, Döblin and the example of Ulysses :$ba case study of the modernist dilemma /$cby Margaret Cooper.
=264  \1$c[1977]
=264  \4$c©1977
=300  \\$a1 online resource (xii, 413 pages)
=336  \\$atext$btxt$2rdacontent
=337  \\$acomputer$bc$2rdamedia
=338  \\$aonline resource$bcr$2rdacarrier
=500  \\$a"A thesis submitted to the Faculty of Graduate Studies and Research in partial fulfilment of the requirements for the degree of Doctor of Philosophy, Department Comparative Literature."
=502  \\$bPh. D.$cUniversity of Alberta$d1977.
=504  \\$aIncludes bibliographical references (pages 385-413).
=600  10$aJoyce, James,$d1882-1941.$tUlysses$xInfluence.
=600  10$aDos Passos, John,$d1896-1970.$tManhattan transfer.
=600  10$aDöblin, Alfred,$d1878-1957.$tBerlin Alexanderplatz.
=710  2\$aUniversity of Alberta.$bDepartment of Comparative Literature.
=900  \\$aNK34318
=949  \\$zUAIN$zETHESIS

