=LDR  01305ntm a22003371i 4500
=001  uab09279811
=003  UAB
=005  20141022100425.0
=006  m|||||o||d||||||||
=007  cr||||||||||||
=008  141022t19771977xx\adf\\obm\\\000\0\eng\d
=040  \\$aUAB$beng$erda$cUAB
=050  \4$aQP321$b.G33 1977
=090  \\$aInternet Access$bAEU
=100  1\$aGaboriault, Réal J.,$eauthor.
=245  10$aComparison of aerobic and anaerobic training on glycogen depletion and enzymatic activity in skeletal muscle /$cby Réal J. Gaboriault.
=264  \1$c[1977]
=264  \4$c©1977
=300  \\$a1 online resource (xii, 94 pages) :$billustrations
=336  \\$atext$btxt$2rdacontent
=337  \\$acomputer$bc$2rdamedia
=338  \\$aonline resource$bcr$2rdacarrier
=500  \\$a"A thesis submitted to the Faculty of Graduate Studies in partial fulfilment of the requirements for the degree of Doctor of Philosophy, Department of Physical Education."
=502  \\$bPh. D.$cUniversity of Alberta$d1977.
=504  \\$aIncludes bibliographical references (pages 60-64).
=650  \0$aAerobic exercises$xPhysiological aspects.
=650  \0$aGlycogen.
=650  \0$aEnzymes.
=650  \0$aSkeleton$xMuscles.
=710  2\$aUniversity of Alberta.$bDepartment of Physical Education.
=900  \\$aNK34343
=949  \\$zUAIN$zETHESIS

