=LDR  01176ntm a22003131i 4500
=001  uab09279820
=003  UAB
=005  20141022101033.0
=006  m|||||o||d||||||||
=007  cr||||||||||||
=008  141022t19771977xx\\\\\\obm\\\000\0\eng\d
=040  \\$aUAB$beng$erda$cUAB
=050  \4$aBF318$b.H67 1977
=090  \\$aInternet Access$bAEU
=100  1\$aHorton, Keith Douglas,$eauthor.
=245  10$aDepth of processing :$btheory and research /$cby Keith Douglas Horton.
=264  \1$c[1977]
=264  \4$c©1977
=300  \\$a1 online resource (ix, 212 pages)
=336  \\$atext$btxt$2rdacontent
=337  \\$acomputer$bc$2rdamedia
=338  \\$aonline resource$bcr$2rdacarrier
=500  \\$a"A thesis submitted to the Faculty of Graduate Studies and Research in partial fulfilment of the requirements for the degree of Doctor of Philosophy, Department of Psychology."
=502  \\$bPh. D.$cUniversity of Alberta$d1977.
=504  \\$aIncludes bibliographical references (pages 191-204).
=590  \\$aLibrary copy imperfect: page 209 wanting.
=650  \0$aLearning, Psychology of.
=710  2\$aUniversity of Alberta.$bDepartment of Psychology.
=900  \\$aNK34368
=949  \\$zUAIN$zETHESIS

