=LDR  01449ntm a22003491i 4500
=001  uab09279833
=003  UAB
=005  20141022103252.0
=006  m|||||o||d||||||||
=007  cr||||||||||||
=008  141022t19771977xx\adf\\obm\\\000\0\eng\d
=040  \\$aUAB$beng$erda$cUAB
=043  \\$ae-ur---$ae-cs---$ae-sw---
=050  \4$aGV848.6.C45$bK56 1977
=090  \\$aInternet Access$bAEU
=100  1\$aKingston, George Edward,$eauthor.
=245  14$aThe organisation and development of ice hockey during childhood in the Soviet Union, Czechoslovakia, Sweden and Canada /$cby George Edward Kingston.
=264  \1$c[1977]
=264  \4$c©1977
=300  \\$a1 online resource (xviii, 1-27, 27a, 28-331 pages) :$billustrations
=336  \\$atext$btxt$2rdacontent
=337  \\$acomputer$bc$2rdamedia
=338  \\$aonline resource$bcr$2rdacarrier
=500  \\$a"A thesis submitted to the Faculty of Graduate Studies and Research in partial fulfillment of the requirements for the degree of Doctor of Philosophy, Department of Physical Education."
=502  \\$bPh. D.$cUniversity of Alberta$d1977.
=504  \\$aIncludes bibliographical references (pages 312-320).
=650  \0$aHockey for children$zSoviet Union.
=650  \0$aHockey for children$zCzechoslovakia.
=650  \0$aHockey for children$zSweden.
=650  \0$aHockey for children$zCanada.
=710  2\$aUniversity of Alberta.$bDepartment of Physical Education.
=900  \\$aNK34394
=949  \\$zUAIN$zETHESIS

