=LDR  01123ntm a22003131i 4500
=001  uab09279836
=003  UAB
=005  20141022103829.0
=006  m|||||o||d||||||||
=007  cr||||||||||||
=008  141022t19771977xx\\\\\\obm\\\000\0\eng\d
=040  \\$aUAB$beng$erda$cUAB
=050  \4$aQA182$b.K53 1977
=090  \\$aInternet Access$bAEU
=100  1\$aKlawe, Maria Margaret,$eauthor.
=245  10$aStudies in amenable semigroups /$cby Maria Margaret Klawe.
=264  \1$c[1977]
=264  \4$c©1977
=300  \\$a1 online resource (ix, 55 pages)
=336  \\$atext$btxt$2rdacontent
=337  \\$acomputer$bc$2rdamedia
=338  \\$aonline resource$bcr$2rdacarrier
=500  \\$a"A thesis submitted to the Faculty of Graduate Studies and Research in partial fulfilment of the requirements for the degree of Doctor of Philosophy, Department of Mathematics."
=502  \\$bPh. D.$cUniversity of Alberta$d1977.
=504  \\$aIncludes bibliographical references (pages 54-55).
=650  \0$aSemigroups.
=650  \0$aBanach spaces.
=710  2\$aUniversity of Alberta.$bDepartment of Mathematics.
=900  \\$aNK34395
=949  \\$zUAIN$zETHESIS

