=LDR  01226ntm a22003251i 4500
=001  uab09279841
=003  UAB
=005  20141022104115.0
=006  m|||||o||d||||||||
=007  cr||||||||||||
=008  141022t19771977xx\adf\\obm\\\000\0\eng\d
=040  \\$aUAB$beng$erda$cUAB
=050  \4$aQP606.P55$bK74 1977
=090  \\$aInternet Access$bAEU
=100  1\$aKrebs, Anita,$eauthor.
=245  10$aStructural and kinetic studies of two bacterial phosphotransferases /$cby Anita Krebs.
=264  \1$c[1977]
=264  \4$c©1977
=300  \\$a1 online resource (xiv, 131 pages) :$billustrations
=336  \\$atext$btxt$2rdacontent
=337  \\$acomputer$bc$2rdamedia
=338  \\$aonline resource$bcr$2rdacarrier
=500  \\$a"A thesis submitted to the Faculty of Graduate Studies and Research in partial fulfilment of the requirements for the degree of Doctor of Philosophy, Department of Biochemistry."
=502  \\$bPh. D.$cUniversity of Alberta$d1977.
=504  \\$aIncludes bibliographical references (pages 125-130).
=650  \0$aPhosphotransferases$xStructure.
=650  \0$aChemical kinetics.
=650  \0$aEscherichia coli.
=710  2\$aUniversity of Alberta.$bDepartment of Biochemistry.
=900  \\$aNK34400
=949  \\$zUAIN$zETHESIS

