=LDR  01453ntm a22003371i 4500
=001  uab09279848
=003  UAB
=005  20141022105036.0
=006  m|||||o||d||||||||
=007  cr||||||||||||
=008  141022t19771977xx\bf\\\obm\\\000\0\eng\d
=040  \\$aUAB$beng$erda$cUAB
=043  \\$ae-uk---$af-za---$af-rh---
=050  \4$aDT3103$b.M37 1977
=090  \\$aInternet Access$bAEU
=100  1\$aMaqubela, Sikhumbuzo,$eauthor.
=245  10$aBritish policy and settler politics in Northern Rhodesia, 1924-1945 :$bwith special reference to the issue of amalgamation with Southern Rhodesia /$cby Sikhumbuzo Maqubela.
=264  \1$c[1977]
=264  \4$c©1977
=300  \\$a1 online resource (xviii, 500 pages) :$bmap
=336  \\$atext$btxt$2rdacontent
=337  \\$acomputer$bc$2rdamedia
=338  \\$aonline resource$bcr$2rdacarrier
=500  \\$a"A thesis submitted to the Faculty of Graduate Studies and Research in partial fulfilment of the requirements for the degree of Doctor of Philosophy, Department of History."
=502  \\$bPh. D.$cUniversity of Alberta$d1977.
=504  \\$aIncludes bibliographical references (pages 487-500).
=651  \0$aGreat Britain$xColonies$zZambia$xHistory$y20th century.
=651  \0$aGreat Britain$xColonies$xAdministration$xHistory$y20th century.
=651  \0$aZambia$xForeign relations$zZimbabwe$xHistory$y20th century.
=710  2\$aUniversity of Alberta.$bDepartment of History.
=900  \\$aNK34433
=949  \\$zUAIN$zETHESIS

