=LDR  01580ntm a22003491i 4500
=001  uab09279855
=003  UAB
=005  20141022105646.0
=006  m|||||o||d||||||||
=007  cr||||||||||||
=008  141022t19771977xx\\\\\\obm\\\000\0\eng\d
=040  \\$aUAB$beng$erda$cUAB
=043  \\$anw-----
=050  \4$aBV2630$b.R66 1977
=090  \\$aInternet Access$bAEU
=100  1\$aRooke, Patricia T.,$eauthor.
=245  14$aThe christianization and education of slaves and apprentices in the British West Indies :$bthe impact of evangelical missionaries (1800-1838) /$cby Patricia T. Rooke.
=264  \1$c[1977]
=264  \4$c©1977
=300  \\$a1 online resource (x, 353 pages)
=336  \\$atext$btxt$2rdacontent
=337  \\$acomputer$bc$2rdamedia
=338  \\$aonline resource$bcr$2rdacarrier
=500  \\$a"A thesis submitted to the Faculty of Graduate Studies and Research in partial fulfilment of the requirements for the degree of Doctor of Philosophy in History of Education, Department of Educational Foundations."
=502  \\$bPh. D.$cUniversity of Alberta$d1977.
=504  \\$aIncludes bibliographical references (pages 334-353).
=650  \0$aMissions$xEducational work$zWest Indies, British$xHistory$y19th century.
=650  \0$aSlaves$xEducation$zWest Indies, British$xHistory$y19th century.
=650  \0$aApprentices$xEducation$zWest Indies, British$xHistory$y19th century.
=650  \0$aReligious education$zWest Indies, British$xHistory$y19th century.
=710  2\$aUniversity of Alberta.$bDepartment of Educational Foundations.
=900  \\$aNK34464
=949  \\$zUAIN$zETHESIS

