=LDR  01255ntm a22003251i 4500
=001  uab09279857
=003  UAB
=005  20141022110019.0
=006  m|||||o||d||||||||
=007  cr||||||||||||
=008  141022t19771977xx\adf\\obm\\\000\0\eng\d
=040  \\$aUAB$beng$erda$cUAB
=050  \4$aQD651.W3$bR93 1977
=090  \\$aInternet Access$bAEU
=100  1\$aRyan, Thomas Gerard,$eauthor.
=245  10$aRadiation induced chain reactions in water at high temperatures and electron ranges and mobilities in hydrocarbons /$cby Thomas Gerard Ryan.
=264  \1$c[1977]
=264  \4$c©1977
=300  \\$a1 online resource (xviii, 211 pages) :$billustrations
=336  \\$atext$btxt$2rdacontent
=337  \\$acomputer$bc$2rdamedia
=338  \\$aonline resource$bcr$2rdacarrier
=500  \\$a"A thesis submitted to the Faculty of Graduate Studies and Research in partial fulfilment of the requirements for the degree of Doctor of Philosophy, Department of Chemistry."
=502  \\$bPh. D.$cUniversity of Alberta$d1977.
=504  \\$aIncludes bibliographical references (pages 198-202).
=650  \0$aRadiation chemistry.
=650  \0$aWater.
=650  \0$aHydrocarbons.
=710  2\$aUniversity of Alberta.$bDepartment of Chemistry.
=900  \\$aNK34468
=949  \\$zUAIN$zETHESIS

