=LDR  01347ntm a22003371i 4500
=001  uab09279865
=003  UAB
=005  20141022111138.0
=006  m|||||o||d||||||||
=007  cr||||||||||||
=008  141022t19771977xx\df\\\obm\\\000\0\eng\d
=040  \\$aUAB$beng$erda$cUAB
=043  \\$ax------
=050  \4$aQE509.4$b.S63 1977
=090  \\$aInternet Access$bAEU
=100  1\$aSpanos, T. J. T.,$eauthor.
=245  12$aA stability analysis of thermo-mechanical flow in the earth's mantle /$cby T.J.T. Spanos.
=264  \1$c[1977]
=264  \4$c©1977
=300  \\$a1 online resource (xi, 1-18 pages, 1 unnumbered page, 19-120 pages) :$billustrations
=336  \\$atext$btxt$2rdacontent
=337  \\$acomputer$bc$2rdamedia
=338  \\$aonline resource$bcr$2rdacarrier
=500  \\$a"A thesis submitted to the Faculty of Graduate Studies and Research in partial fulfilment of the requirements for the degree of Doctor of Philosophy in Physics, Department of Physics."
=502  \\$bPh. D.$cUniversity of Alberta$d1977.
=504  \\$aIncludes bibliographical references (pages 109-113).
=651  \0$aEarth (Planet)$xMantle$xFluid dynamics$xMathematical models.
=651  \0$aEarth (Planet)$xMantle$xCreep$xMathematical models.
=650  \0$aGeodynamics.
=710  2\$aUniversity of Alberta.$bDepartment of Physics.
=900  \\$aNK34486
=949  \\$zUAIN$zETHESIS

