=LDR  01264ntm a22003131i 4500
=001  uab09279867
=003  UAB
=005  20141022111420.0
=006  m|||||o||d||||||||
=007  cr||||||||||||
=008  141022t19771977xx\adf\\obm\\\000\0\eng\d
=040  \\$aUAB$beng$erda$cUAB
=050  \4$aQD181.C3$bS73 1977
=090  \\$aInternet Access$bAEU
=100  1\$aStackhouse, Brian Jeffrey,$eauthor.
=245  10$aSingle crystal electrical resistivities in cadmium and cadmium-magnesium alloys /$cby Brian Jeffrey Stackhouse.
=264  \1$c[1977]
=264  \4$c©1977
=300  \\$a1 online resource (xi, 115 pages) :$billustrations
=336  \\$atext$btxt$2rdacontent
=337  \\$acomputer$bc$2rdamedia
=338  \\$aonline resource$bcr$2rdacarrier
=500  \\$a"A thesis submitted to the Faculty of Graduate Studies and Research in partial fulfillment of the requirements for the degree of Doctor of Philosophy in Physics, Department of Physics."
=502  \\$bPh. D.$cUniversity of Alberta$d1977.
=504  \\$aIncludes bibliographical references (pages 99-101).
=650  \0$aCadmium crystals$xElectric properties.
=650  \0$aMagnesium-cadmium alloys$xElectric properties.
=710  2\$aUniversity of Alberta.$bDepartment of Physics.
=900  \\$aNK34487
=949  \\$zUAIN$zETHESIS

