=LDR  01160ntm a22003131i 4500
=001  uab09279868
=003  UAB
=005  20141022111609.0
=006  m|||||o||d||||||||
=007  cr||||||||||||
=008  141022t19771977xx\adf\\obm\\\000\0\eng\d
=040  \\$aUAB$beng$erda$cUAB
=050  \4$aQK569.C486$bS76 1977
=090  \\$aInternet Access$bAEU
=100  1\$aStorms, Reg,$eauthor.
=245  10$aEvents during meiosis in Chlamydomonas reinhardi /$cby Reg Storms.
=264  \1$c[1977]
=264  \4$c©1977
=300  \\$a1 online resource (xiii, 190 pages) :$billustrations
=336  \\$atext$btxt$2rdacontent
=337  \\$acomputer$bc$2rdamedia
=338  \\$aonline resource$bcr$2rdacarrier
=500  \\$a"A thesis submitted to the Faculty of Graduate Studies and Research in partial fulfilment of the requirements for the degree of Doctor of Philosophy, Department of Genetics."
=502  \\$bPh. D.$cUniversity of Alberta$d1977.
=504  \\$aIncludes bibliographical references (pages 179-190).
=650  \0$aChlamydomonas reinhardtii$xGenetics.
=650  \0$aMeiosis.
=710  2\$aUniversity of Alberta.$bDepartment of Genetics.
=900  \\$aNK34495
=949  \\$zUAIN$zETHESIS

