=LDR  01350ntm a22003371i 4500
=001  uab09279964
=003  UAB
=005  20141022145345.0
=006  m|||||o||d||||||||
=007  cr||||||||||||
=008  141022t19771977xx\adf\\obm\\\000\0\eng\d
=040  \\$aUAB$beng$erda$cUAB
=050  \4$aQP310.S67$bW55 1977
=090  \\$aInternet Access$bAEU
=100  1\$aWilkinson, John G.,$eauthor.
=245  10$aDevelopmental and sprint training effects on fiber composition, protein and nucleic acids in subcellular fractions of rat gastrocnemius muscle /$cby John G. Wilkinson.
=264  \1$c[1977]
=264  \4$c©1977
=300  \\$a1 online resource (xii, 126 pages) :$billustrations
=336  \\$atext$btxt$2rdacontent
=337  \\$acomputer$bc$2rdamedia
=338  \\$aonline resource$bcr$2rdacarrier
=500  \\$a"A thesis submitted to the Faculty of Graduate Studies and Research in partial fulfilment of the requirements for the degree of Doctor of Philosophy, Department of Physical Education."
=502  \\$bPh. D.$cUniversity of Alberta$d1977.
=504  \\$aIncludes bibliographical references (pages 49-59).
=650  \0$aSprinting$xPhysiological aspects.
=650  \0$aMuscle cells.
=650  \0$aLeg$xMuscles.
=650  \0$aRats$xPhysiology.
=710  2\$aUniversity of Alberta.$bDepartment of Physical Education.
=900  \\$aNK34518
=949  \\$zUAIN$zETHESIS

