=LDR  01268ntm a22003251i 4500
=001  uab09279974
=003  UAB
=005  20141022151857.0
=006  m|||||o||d||||||||
=007  cr||||||||||||
=008  141022t19781978xx\adf\\obm\\\000\0\eng\d
=040  \\$aUAB$beng$erda$cUAB
=050  \4$aRC488$b.D38 1978
=090  \\$aInternet Access$bAEU
=100  1\$aDavis, Teresa Mina Anne,$eauthor.
=245  10$aVideotape self-confrontation in group psychotherapy /$cby Teresa Mina Anne Davis.
=264  \1$c[1978]
=264  \4$c©1978
=300  \\$a1 online resource (x pages, 1 unnumbered page, 135 pages) :$billustrations
=336  \\$atext$btxt$2rdacontent
=337  \\$acomputer$bc$2rdamedia
=338  \\$aonline resource$bcr$2rdacarrier
=500  \\$a"A thesis submitted to the Faculty of Graduate Studies and Research in partial fulfilment of the requirements for the degree of Doctor of Philosophy, Department of Educational Psychology."
=502  \\$bPh. D.$cUniversity of Alberta$d1978.
=504  \\$aIncludes bibliographical references (pages 100-105).
=650  \0$aGroup psychotherapy.
=650  \0$aSelf-monitoring.
=650  \0$aVideo tapes in psychology.
=710  2\$aUniversity of Alberta.$bDepartment of Educational Psychology.
=900  \\$aNK36368
=949  \\$zUAIN$zETHESIS

