=LDR  01289ntm a22003131i 4500
=001  uab09279979
=003  UAB
=005  20141022152133.0
=006  m|||||o||d||||||||
=007  cr||||||||||||
=008  141022t19781978xx\adf\\obm\\\000\0\eng\d
=040  \\$aUAB$beng$erda$cUAB
=050  \4$aQR82.E6$bE94 1978
=090  \\$aInternet Access$bAEU
=100  1\$aEze, Michael Okechukwu,$eauthor.
=245  14$aThe relationship between membrane lipid fluidity and phase state and passive permeation, facilitated diffusion and active transport processes in Escherichia coli /$cby Michael Okechukwu Eze.
=264  \1$c[1978]
=264  \4$c©1978
=300  \\$a1 online resource (xxiv, 209 pages) :$billustrations
=336  \\$atext$btxt$2rdacontent
=337  \\$acomputer$bc$2rdamedia
=338  \\$aonline resource$bcr$2rdacarrier
=500  \\$a"A thesis submitted to the Faculty of Graduate Studies and Research in partial fulfilment of the requirements for the degree of Doctor of Philosophy, Department of Biochemistry."
=502  \\$bPh. D.$cUniversity of Alberta$d1978.
=504  \\$aIncludes bibliographical references (pages 184-200).
=650  \0$aEscherichia coli.
=650  \0$aLipid membranes.
=710  2\$aUniversity of Alberta.$bDepartment of Biochemistry.
=900  \\$aNK36374
=949  \\$zUAIN$zETHESIS

