=LDR  01212ntm a22003251i 4500
=001  uab09279981
=003  UAB
=005  20141022152409.0
=006  m|||||o||d||||||||
=007  cr||||||||||||
=008  141022t19781978xx\adf\\obm\\\000\0\eng\d
=040  \\$aUAB$beng$erda$cUAB
=050  \4$aBF295$b.F74 1978
=090  \\$aInternet Access$bAEU
=100  1\$aFrey, Richard D.,$eauthor.
=245  10$aSelective attention and the judgment of temporal order /$cby Richard D. Frey.
=264  \1$c[1978]
=264  \4$c©1978
=300  \\$a1 online resource (xi, 157 pages) :$billustrations
=336  \\$atext$btxt$2rdacontent
=337  \\$acomputer$bc$2rdamedia
=338  \\$aonline resource$bcr$2rdacarrier
=500  \\$a"A thesis submitted to the Faculty of Graduate Studies and Research in partial fulfillment of the requirements for the degree of Doctor of Philosophy, Department of Physical Education."
=502  \\$bPh. D.$cUniversity of Alberta$d1978.
=504  \\$aIncludes bibliographical references (pages 112-118).
=650  \0$aMotor ability.
=650  \0$aAttention.
=650  \0$aSelectivity (Psychology)
=710  2\$aUniversity of Alberta.$bDepartment of Physical Education.
=900  \\$aNK36378
=949  \\$zUAIN$zETHESIS

