=LDR  01275ntm a22003251i 4500
=001  uab09280223
=003  UAB
=005  20141023103755.0
=006  m|||||o||d||||||||
=007  cr||||||||||||
=008  141023t19781978xx\abdf\obm\\\000\0\eng\d
=040  \\$aUAB$beng$erda$cUAB
=043  \\$an-cn-ab
=050  \4$aQE696$b.G65 1978
=090  \\$aInternet Access$bAEU
=100  1\$aGold, Christopher M.,$eauthor.
=245  10$aQuantitative methods in the evaluation of the Quaternary geology of the Sand River (73L) map sheet, Alberta, Canada /$cby Christopher M. Gold.
=264  \1$c[1978]
=264  \4$c©1978
=300  \\$a1 online resource (xiv, 462 pages) :$billustrations, maps
=336  \\$atext$btxt$2rdacontent
=337  \\$acomputer$bc$2rdamedia
=338  \\$aonline resource$bcr$2rdacarrier
=500  \\$a"A thesis submitted to the Faculty of Graduate Studies and Research in partial fulfilment of the requirements for the degree of Doctor of Philosophy, Department of Geology."
=502  \\$bPh. D.$cUniversity of Alberta$d1978.
=504  \\$aIncludes bibliographical references (pages 177-185).
=650  \0$aGeology, Stratigraphic$yQuaternary.
=650  \0$aRivers$zAlberta.
=710  2\$aUniversity of Alberta.$bDepartment of Geology.
=900  \\$aNK36387
=949  \\$zUAIN$zETHESIS


