=LDR  01312ntm a22003491i 4500
=001  uab09280238
=003  UAB
=005  20141023105233.0
=006  m|||||o||d||||||||
=007  cr||||||||||||
=008  141023t19781978xx\\\\\\obm\\\000\0dger\d
=040  \\$aUAB$beng$erda$cUAB
=041  0\$ager$beng
=043  \\$ae-gx---
=050  \4$aPT2611.L2$bR8535 1978
=090  \\$aInternet Access$bAEU
=100  1\$aJakobs, Hans-Dieter,$eauthor.
=245  14$aDas Bild der Gesselschaft in Otto Flakes Romanzyklus Ruland /$cby Hans-Dieter Jakobs.
=264  \1$c[1978]
=264  \4$c©1978
=300  \\$a1 online resource (xi, 278 pages)
=336  \\$atext$btxt$2rdacontent
=337  \\$acomputer$bc$2rdamedia
=338  \\$aonline resource$bcr$2rdacarrier
=500  \\$a"A thesis submitted to the Faculty of Graduate Studies and Research in partial fulfilment of the requirements for the degree of Doctor of Philosophy, Department of Germanic Languages."
=502  \\$bPh. D.$cUniversity of Alberta$d1978.
=504  \\$aIncludes bibliographical references (pages 276-278).
=546  \\$aIn German; includes abstract in English.
=600  10$aFlake, Otto,$d1880-1963.$tRuland.
=651  \0$aGermany$xHistory$y1918-1933.
=710  2\$aUniversity of Alberta.$bDepartment of Germanic Languages.
=900  \\$aNK36406
=949  \\$zUAIN$zETHESIS

