=LDR  01389ntm a22003371i 4500
=001  uab09280240
=003  UAB
=005  20141023105508.0
=006  m|||||o||d||||||||
=007  cr||||||||||||
=008  141023t19781978xx\adf\\obm\\\000\0\eng\d
=040  \\$aUAB$beng$erda$cUAB
=050  \4$aQL638.C94$bK38 1978
=090  \\$aInternet Access$bAEU
=100  1\$aKavaliers, Martin Imants,$eauthor.
=245  14$aThe role of photoperiod and twilight in the control of locomotory rhythms in the lake chub, Couesius plumbeus (Agassiz) /$cby Martin Imants Kavaliers.
=264  \1$c[1978]
=264  \4$c©1978
=300  \\$a1 online resource (xiii, 200 pages, 1unnumbered page) :$billustrations
=336  \\$atext$btxt$2rdacontent
=337  \\$acomputer$bc$2rdamedia
=338  \\$aonline resource$bcr$2rdacarrier
=500  \\$a"A thesis submitted to the Faculty of Graduate Studies and Research in partial fulfilment of the requirements for the degree of Doctor of Philosophy, Department of Zoology."
=502  \\$bPh. D.$cUniversity of Alberta$d1978.
=504  \\$aIncludes bibliographical references (pages 162-174).
=590  \\$aLibrary copy imperfect: pages 163-200 misnumbered 162-199.
=650  \0$aLake chub$xLocomotion$xEffect of light on.
=650  \0$aTwilight.
=650  \0$aCircadian rhythms.
=710  2\$aUniversity of Alberta.$bDepartment of Zoology.
=900  \\$aNK36410
=949  \\$zUAIN$zETHESIS

