=LDR  01136ntm a22003131i 4500
=001  uab09280386
=003  UAB
=005  20141023145639.0
=006  m|||||o||d||||||||
=007  cr||||||||||||
=008  141023t19751975xx\adf\\obm\\\000\0\eng\d
=040  \\$aUAB$beng$erda$cUAB
=050  \4$aQD305.H6$bS83 1975
=090  \\$aInternet Access$bAEU
=100  1\$aSuda, Minoru,$eauthor.
=245  15$aThe (CH)[subscript 4] species /$cby Minoru Suda.
=264  \1$c[1975]
=264  \4$c©1975
=300  \\$a1 online resource (xii, 157 pages) :$billustrations
=336  \\$atext$btxt$2rdacontent
=337  \\$acomputer$bc$2rdamedia
=338  \\$aonline resource$bcr$2rdacarrier
=500  \\$a"A thesis submitted to the Faculty of Graduate Studies and Research in partial fulfilment of the requirements for the degree of Doctor of Philosophy, Department of Chemistry."
=502  \\$bPh. D.$cUniversity of Alberta$d1975.
=504  \\$aIncludes bibliographical references (pages 147-157).
=650  \0$aMethane$xSynthesis.
=650  \0$aMethane$xStructure.
=710  2\$aUniversity of Alberta.$bDepartment of Chemistry.
=900  \\$aNK36479
=949  \\$zUAIN$zETHESIS

