=LDR  01152ntm a22003251i 4500
=001  uab09280389
=003  UAB
=005  20141023150925.0
=006  m|||||o||d||||||||
=007  cr||||||||||||
=008  141023t19781978xx\\\\\\obm\\\000\0\eng\d
=040  \\$aUAB$beng$erda$cUAB
=043  \\$aa-cc---
=050  \4$aB5233.H8$bT36 1978
=090  \\$aInternet Access$bAEU
=100  1\$aTan, Binky,$eauthor.
=245  10$aChinese humanism and Western sociology /$cby Binky Tan.
=264  \1$c[1978]
=264  \4$c©1978
=300  \\$a1 online resource (vii, 349 pages)
=336  \\$atext$btxt$2rdacontent
=337  \\$acomputer$bc$2rdamedia
=338  \\$aonline resource$bcr$2rdacarrier
=500  \\$a"A thesis submitted to the Faculty of Graduate Studies and Research in partial fulfilment of the requirements for the degree of Doctor of Philosophy, Department Sociology."
=502  \\$bPh. D.$cUniversity of Alberta$d1978.
=504  \\$aIncludes bibliographical references (pages 323-347).
=650  \0$aHumanism$zChina.
=650  \0$aSociology$zWestern countries.
=710  2\$aUniversity of Alberta.$bDepartment of Sociology.
=900  \\$aNK36482
=949  \\$zUAIN$zETHESIS

