=LDR  01224ntm a22003251i 4500
=001  uab09280395
=003  UAB
=005  20141023153345.0
=006  m|||||o||d||||||||
=007  cr||||||||||||
=008  141023t19781978xx\adf\\obm\\\000\0\eng\d
=040  \\$aUAB$beng$erda$cUAB
=050  \4$aQC454.A8$bY84 1978
=090  \\$aInternet Access$bAEU
=100  1\$aYuen, Wo Kai,$eauthor.
=245  10$aAtomic spectrochemical measurements with a Fourier transform spectrometer /$cby Wo Kai Yuen.
=264  \1$c[1978]
=264  \4$c©1978
=300  \\$a1 online resource (xiv, 207 pages) :$billustrations
=336  \\$atext$btxt$2rdacontent
=337  \\$acomputer$bc$2rdamedia
=338  \\$aonline resource$bcr$2rdacarrier
=500  \\$a"A thesis submitted to the Faculty of Graduate Studies and Research in partial fulfilment of the requirements for the degree of Doctor of Philosophy, Department of Chemistry."
=502  \\$bPh. D.$cUniversity of Alberta$d1978.
=504  \\$aIncludes bibliographical references (pages 178-182).
=650  \0$aAtomic spectra.
=650  \0$aAtoms$xMeasurement.
=650  \0$aFourier transform spectroscopy.
=710  2\$aUniversity of Alberta.$bDepartment of Chemistry.
=900  \\$aNK36498
=949  \\$zUAIN$zETHESIS

