=LDR  01279ntm a22003131i 4500
=001  uab09280400
=003  UAB
=005  20141023154714.0
=006  m|||||o||d||||||||
=007  cr||||||||||||
=008  141023t19781978xx\ef\\\obm\\\000\0\eng\d
=040  \\$aUAB$beng$erda$cUAB
=050  \4$aHV7936.C8$bS54 1978
=090  \\$aInternet Access$bAEU
=100  1\$aShearing, Clifford D.,$d1942-$eauthor.
=245  10$aReal men, good men, wise men, and cautious men :$ba study of culture, role models and interaction within a police communications centre /$cby Clifford D. Shearing.
=264  \1$c[1978]
=264  \4$c©1978
=300  \\$a1 online resource (12 unnumbered pages, 290 pages, 2 unnumbered pages) :$bplan
=336  \\$atext$btxt$2rdacontent
=337  \\$acomputer$bc$2rdamedia
=338  \\$aonline resource$bcr$2rdacarrier
=500  \\$a"A thesis submitted in conformity with the requirements for the degree of Doctor of Philosophy in the University of Toronto."
=502  \\$bPh. D.$cUniversity of Toronto$d1977.
=504  \\$aIncludes bibliographical references (pages 283-290).
=650  \0$aPolice communication systems$xSocial aspects.
=650  \0$aPolice-community relations.
=710  2\$aUniversity of Toronto.$bDepartment of Sociology.
=900  \\$aNK36816
=949  \\$zUAIN$zETHESIS

