=LDR  01239ntm a22003251i 4500
=001  uab09280482
=003  UAB
=005  20141023182058.0
=006  m|||||o||d||||||||
=007  cr||||||||||||
=008  141023t19781978xx\df\\\obm\\\000\0\eng\d
=040  \\$aUAB$beng$erda$cUAB
=050  \4$aHM1081$b.B76 1978
=090  \\$aInternet Access$bAEU
=100  1\$aBrown, Steven Donald,$eauthor.
=245  14$aThe perception of political leaders /$cby Steven Donald Brown.
=264  \1$c[1978]
=264  \4$c©1978
=300  \\$a1 online resource (viii, 334 pages) :$billustrations
=336  \\$atext$btxt$2rdacontent
=337  \\$acomputer$bc$2rdamedia
=338  \\$aonline resource$bcr$2rdacarrier
=500  \\$a"A thesis submitted to the Faculty of Graduate Studies and Research in partial fulfilment of the requirements for the degree of Doctor of Philosophy, Department of Political Science."
=502  \\$bPh. D.$cUniversity of Alberta$d1978.
=504  \\$aIncludes bibliographical references (pages 263-273).
=650  \0$aImpression formation (Psychology)
=650  \0$aVoting research.
=650  \0$aPolitical candidates$xPublic opinion.
=710  2\$aUniversity of Alberta.$bDepartment of Political Science.
=900  \\$aNK40098
=949  \\$zUAIN$zETHESIS

