=LDR  01275ntm a22003251i 4500
=001  uab09280607
=003  UAB
=005  20141024100227.0
=006  m|||||o||d||||||||
=007  cr||||||||||||
=008  141024t19781978xx\abdf\obm\\\000\0\eng\d
=040  \\$aUAB$beng$erda$cUAB
=043  \\$an-cn---
=050  \4$aQE390.2.U7$bC36 1978
=090  \\$aInternet Access$bAEU
=100  1\$aCameron-Schimann, Monique,$eauthor.
=245  10$aElectron microprobe study of uranium minerals and its application to some Canadian deposits /$cby Monique Cameron-Schimann.
=264  \1$c[1978]
=264  \4$c©1978
=300  \\$a1 online resource (xvi, 343 pages) :$billustrations, maps
=336  \\$atext$btxt$2rdacontent
=337  \\$acomputer$bc$2rdamedia
=338  \\$aonline resource$bcr$2rdacarrier
=500  \\$a"A thesis submitted to the Faculty of Graduate Studies and Research in partial fulfilment of the requirements for the degree of Doctor of Philosophy in Geology, Department of Geology."
=502  \\$bPh. D.$cUniversity of Alberta$d1978.
=504  \\$aIncludes bibliographical references (pages 228-271).
=650  \0$aUranium ores$zCanada.
=650  \0$aElectron probe microanalysis.
=710  2\$aUniversity of Alberta.$bDepartment of Geology.
=900  \\$aNK40103
=949  \\$zUAIN$zETHESIS

