=LDR  01393ntm a22003491i 4500
=001  uab09280611
=003  UAB
=005  20141024100748.0
=006  m|||||o||d||||||||
=007  cr||||||||||||
=008  141024t19781978xx\bdf\\obm\\\000\0\eng\d
=040  \\$aUAB$beng$erda$cUAB
=043  \\$an-cn-ab
=050  \4$aHD7305.A3$bC37 1978
=090  \\$aInternet Access$bAEU
=100  1\$aCarter, Thomas S.,$eauthor.
=245  12$aA profile of tenants in central Edmonton :$btheir characteristics and housing preferences /$cby Thomas S. Carter.
=264  \1$c[1978]
=264  \4$c©1978
=300  \\$a1 online resource (xix, 339 pages) :$billustrations, maps
=336  \\$atext$btxt$2rdacontent
=337  \\$acomputer$bc$2rdamedia
=338  \\$aonline resource$bcr$2rdacarrier
=500  \\$a"A thesis submitted to the Faculty of Graduate Studies and Research in partial fulfilment of the requirements for the degree of Doctor of Philosophy, Department of Geography."
=502  \\$bPh. D.$cUniversity of Alberta$d1978.
=504  \\$aIncludes bibliographical references (pages 272-285).
=590  \\$aLibrary copy imperfect: page 164, 266 wanting.
=650  \0$aHousing$zAlberta$zEdmonton.
=650  \0$aConsumers' preferences$zAlberta$zEdmonton.
=650  \0$aCity dwellers$zAlberta$zEdmonton$xPsychology.
=710  2\$aUniversity of Alberta.$bDepartment of Geography.
=900  \\$aNK40107
=949  \\$zUAIN$zETHESIS

