=LDR  01235ntm a22003251i 4500
=001  uab09280881
=003  UAB
=005  20141025094046.0
=006  m|||||o||d||||||||
=007  cr||||||||||||
=008  141025t19781978xx\\\\\\obm\\\000\0\eng\d
=040  \\$aUAB$beng$erda$cUAB
=050  \4$aBF575.A3$bL44 1978
=090  \\$aInternet Access$bAEU
=100  1\$aLeger, Gerald J.,$eauthor.
=245  10$aExcitatory and inhibitory classical conditioning of victims in human aggression /$cby Gerald J. Leger.
=264  \1$c[1978]
=264  \4$c©1978
=300  \\$a1 online resource (xi, 125 pages)
=336  \\$atext$btxt$2rdacontent
=337  \\$acomputer$bc$2rdamedia
=338  \\$aonline resource$bcr$2rdacarrier
=500  \\$a"A thesis submitted to the Faculty of Graduate Studies and Research in partial fulfillment of the requirements for the degree of Doctor of Philosophy, Department of Psychology."
=502  \\$bPh. D.$cUniversity of Alberta$d1978.
=504  \\$aIncludes bibliographical references (pages 80-89).
=590  \\$aLibrary copy imperfect: page 111 wanting.
=650  \0$aAggressiveness.
=650  \0$aClassical conditioning.
=710  2\$aUniversity of Alberta.$bDepartment of Psychology.
=900  \\$aNK40217
=949  \\$zUAIN$zETHESIS

