=LDR  01312ntm a22003371i 4500
=001  uab09280885
=003  UAB
=005  20141025094957.0
=006  m|||||o||d||||||||
=007  cr||||||||||||
=008  141025t19781978xx\\\\\\obm\\\000\0\eng\d
=040  \\$aUAB$beng$erda$cUAB
=043  \\$an-cn---
=050  \4$aPN4914.O24$bM35 1978
=090  \\$aInternet Access$bAEU
=100  1\$aMcLean, Elizabeth,$eauthor.
=245  10$aNewspaper reaction to issues of domestic and foreign policy in Canada /$cby Elizabeth McLean.
=264  \1$c[1978]
=264  \4$c©1978
=300  \\$a1 online resource (x, 250 pages)
=336  \\$atext$btxt$2rdacontent
=337  \\$acomputer$bc$2rdamedia
=338  \\$aonline resource$bcr$2rdacarrier
=500  \\$a"A thesis submitted to the Faculty of Graduate Studies and Research in partial fulfillment of the requirements for the degree of Doctor of Philosophy, Department of Political Science."
=502  \\$bPh. D.$cUniversity of Alberta$d1978.
=504  \\$aIncludes bibliographical references (pages 245-250).
=650  \0$aCanadian newspapers$xObjectivity.
=651  \0$aCanada$xForeign relations$xPress coverage.
=651  \0$aCanada$xPolitics and government$xPress coverage.
=710  2\$aUniversity of Alberta.$bDepartment of Political Science.
=900  \\$aNK40232
=949  \\$zUAIN$zETHESIS

