=LDR  01320ntm a22003251i 4500
=001  uab09280889
=003  UAB
=005  20141025095516.0
=006  m|||||o||d||||||||
=007  cr||||||||||||
=008  141025t19781978xx\abdf\obm\\\000\0\eng\d
=040  \\$aUAB$beng$erda$cUAB
=043  \\$an-cn-bc
=050  \4$aQL696.G27$bM36 1978
=090  \\$aInternet Access$bAEU
=100  1\$aMcNicholl, Martin K.,$eauthor.
=245  10$aBehaviour and social organization in a population of blue grouse on Vancouver Island /$cby Martin K. McNicholl.
=264  \1$c[1978]
=264  \4$c©1978
=300  \\$a1 online resource (xvii, 188 pages) :$billustrations, maps
=336  \\$atext$btxt$2rdacontent
=337  \\$acomputer$bc$2rdamedia
=338  \\$aonline resource$bcr$2rdacarrier
=500  \\$a"A thesis submitted to the Faculty of Graduate Studies and Research in partial fulfillment of the requirements for the degree of Doctor of Philosophy, Department of Zoology."
=502  \\$bPh. D.$cUniversity of Alberta$d1978.
=504  \\$aIncludes bibliographical references (pages 172-175).
=650  \0$aBlue grouse$xBehavior$zBritish Columbia$zVancouver Island.
=650  \0$aSocial hierarchy in animals$zBritish Columbia$zVancouver Island.
=710  2\$aUniversity of Alberta.$bDepartment of Zoology.
=900  \\$aNK40234
=949  \\$zUAIN$zETHESIS

