=LDR  01316ntm a22003371i 4500
=001  uab09280893
=003  UAB
=005  20141025101656.0
=006  m|||||o||d||||||||
=007  cr||||||||||||
=008  141025t19781978xx\adf\\obm\\\000\0\eng\d
=040  \\$aUAB$beng$erda$cUAB
=043  \\$an-cn---
=050  \4$aGV948$b.M36 1978
=090  \\$aInternet Access$bAEU
=100  1\$aManz, Raymond L.,$eauthor.
=245  10$aHistochemical, biochemical and performance profiles of Canadian intercollegiate football players /$cby Raymond L. Manz.
=264  \1$c[1978]
=264  \4$c©1978
=300  \\$a1 online resource (xii, 140 pages) :$billustrations
=336  \\$atext$btxt$2rdacontent
=337  \\$acomputer$bc$2rdamedia
=338  \\$aonline resource$bcr$2rdacarrier
=500  \\$a"A thesis submitted to the Faculty of Graduate Studies and Research in partial fulfilment of the requirements for the degree of Doctor of Philosophy, Department of Physical Education."
=502  \\$bPh. D.$cUniversity of Alberta$d1978.
=504  \\$aIncludes bibliographical references (pages 60-65).
=650  \0$aCanadian football$zCanada.
=650  \0$aFootball players$xPhysiology$zCanada.
=650  \0$aCollege athletes$zCanada.
=710  2\$aUniversity of Alberta.$bDepartment of Physical Education.
=900  \\$aNK40240
=949  \\$zUAIN$zETHESIS

