=LDR  01060ntm a22003011i 4500
=001  uab09280905
=003  UAB
=005  20141025103626.0
=006  m|||||o||d||||||||
=007  cr||||||||||||
=008  141025t19781978xx\\\\\\obm\\\000\0\eng\d
=040  \\$aUAB$beng$erda$cUAB
=050  \4$aB825$b.M37 1978
=090  \\$aInternet Access$bAEU
=100  1\$aMarch, Neil,$eauthor.
=245  10$aMaterialism :$bsome more problems /$cby Neil March.
=264  \1$c[1978]
=264  \4$c©1978
=300  \\$a1 online resource (v, 96 pages)
=336  \\$atext$btxt$2rdacontent
=337  \\$acomputer$bc$2rdamedia
=338  \\$aonline resource$bcr$2rdacarrier
=500  \\$a"A thesis submitted to the Faculty of Graduate Studies and Research in partial fulfilment of the requirements for the degree of Master of Arts, Department of Philosophy."
=502  \\$bM.A.$cUniversity of Alberta$d1978.
=504  \\$aIncludes bibliographical references (page 96).
=650  \0$aMaterialism.
=710  2\$aUniversity of Alberta.$bDepartment of Philosophy.
=900  \\$aNK40242
=949  \\$zUAIN$zETHESIS

