=LDR  01244ntm a22003131i 4500
=001  uab09280911
=003  UAB
=005  20141025105806.0
=006  m|||||o||d||||||||
=007  cr||||||||||||
=008  141025t19781978xx\\\\\\obm\\\000\0\eng\d
=040  \\$aUAB$beng$erda$cUAB
=050  \4$aQC718.5.P5$bM55 1978
=090  \\$aInternet Access$bAEU
=100  1\$aMilroy, Richard Douglas,$eauthor.
=245  10$aNumerical and analytic studies of laser-plasma interactions in a solenoidal magnetic field /$cby Richard Douglas Milroy.
=264  \1$c[1978]
=264  \4$c©1978
=300  \\$a1 online resource (xx, 292 pages)
=336  \\$atext$btxt$2rdacontent
=337  \\$acomputer$bc$2rdamedia
=338  \\$aonline resource$bcr$2rdacarrier
=500  \\$a"A thesis submitted to the Faculty of Graduate Studies and Research in partial fulfilment of the requirements for the degree of Doctor of Philosophy, Department of Electrical Engineering."
=502  \\$bPh. D.$cUniversity of Alberta$d1978.
=504  \\$aIncludes bibliographical references (pages 179-181).
=650  \0$aLaser-plasma interactions.
=650  \0$aSolenoids$xMagnetic fields.
=710  2\$aUniversity of Alberta.$bDepartment of Electrical Engineering.
=900  \\$aNK40248
=949  \\$zUAIN$zETHESIS

