=LDR  01301ntm a22003371i 4500
=001  uab09280933
=003  UAB
=005  20141025121809.0
=006  m|||||o||d||||||||
=007  cr||||||||||||
=008  141025t19781978xx\adf\\obm\\\000\0\eng\d
=040  \\$aUAB$beng$erda$cUAB
=050  \4$aQA76.76.K49$bR34 1978
=090  \\$aInternet Access$bAEU
=100  1\$aRaghavan, Vijay,$eauthor.
=245  10$aEvaluation of classification strategies for document retrieval /$cby Vijay V. Raghavan.
=264  \1$c[1978]
=264  \4$c©1978
=300  \\$a1 online resource (xv, 141 pages) :$billustrations
=336  \\$atext$btxt$2rdacontent
=337  \\$acomputer$bc$2rdamedia
=338  \\$aonline resource$bcr$2rdacarrier
=500  \\$a"A thesis submitted to the Faculty of Graduate Studies and Research in partial fulfilment of the requirements for the degree of Doctor of Philosophy, Department of Computing Science."
=502  \\$bPh. D.$cUniversity of Alberta$d1978.
=504  \\$aIncludes bibliographical references (pages 122-128).
=650  \0$aKeyword searching.
=650  \0$aInformation retrieval.
=650  \0$aElectronic data processing.
=650  \0$aInformation storage and retrieval systems.
=710  2\$aUniversity of Alberta.$bDepartment of Computing Science.
=900  \\$aNK40287
=949  \\$zUAIN$zETHESIS

