=LDR  01343ntm a22003371i 4500
=001  uab09281135
=003  UAB
=005  20141027121944.0
=006  m|||||o||d||||||||
=007  cr||||||||||||
=008  141027t19781978xx\abdf\obm\\\000\0\eng\d
=040  \\$aUAB$beng$erda$cUAB
=043  \\$an-cn-qu
=050  \4$aQE193$b.S35 1978
=090  \\$aInternet Access$bAEU
=100  1\$aSchimann, Karl,$eauthor.
=245  10$aGeology of the Wakeham Bay area, eastern end of the Cape Smith Belt, New Quebec /$cby Karl Schimann.
=264  \1$c[1978]
=264  \4$c©1978
=300  \\$a1 online resource (xviii, 426 pages, 97 unnumbered leaves of plates) :$billustrations, maps
=336  \\$atext$btxt$2rdacontent
=337  \\$acomputer$bc$2rdamedia
=338  \\$aonline resource$bcr$2rdacarrier
=500  \\$a"A thesis submitted to the Faculty of Graduate Studies and Research in partial fulfilment of the requirements for the degree of Doctor of Philosophy, Department of Geology."
=502  \\$bPh. D.$cUniversity of Alberta$d1978.
=504  \\$aIncludes bibliographical references (pages 241-271).
=650  \0$aGeology$zQuébec (Province)$zWakeham Bay (Bay)
=650  \0$aGeology, Stratigraphic$yPrecambrian.
=650  \0$aGeology, Stratigraphic$yArchaean.
=710  2\$aUniversity of Alberta.$bDepartment of Geology.
=900  \\$aNK40300
=949  \\$zUAIN$zETHESIS

