=LDR  01269ntm a22003371i 4500
=001  uab09281147
=003  UAB
=005  20141027123523.0
=006  m|||||o||d||||||||
=007  cr||||||||||||
=008  141027t19781978xx\adf\\obm\\\000\0\eng\d
=040  \\$aUAB$beng$erda$cUAB
=050  \4$aQR82.E6$bS66 1978
=090  \\$aInternet Access$bAEU
=100  1\$aSomerville, Christopher R.,$eauthor.
=245  10$aE. coli mutants defective in the conversion of pppGpp to ppGpp /$cby Christopher R. Somerville.
=264  \1$c[1978]
=264  \4$c©1978
=300  \\$a1 online resource (xi, 98 pages) :$billustrations
=336  \\$atext$btxt$2rdacontent
=337  \\$acomputer$bc$2rdamedia
=338  \\$aonline resource$bcr$2rdacarrier
=500  \\$a"A thesis submitted to the Faculty of Graduate Studies and Research in partial fulfilment of the requirements for the degree of Doctor of Philosophy, Department of Genetics."
=502  \\$bPh. D.$cUniversity of Alberta$d1978.
=504  \\$aIncludes bibliographical references (pages 85-91).
=650  \0$aEscherichia coli$xGenetics.
=650  \0$aMutation (Biology)
=650  \0$aGuanosine triphosphate.
=650  \0$aPyrophosphates.
=710  2\$aUniversity of Alberta.$bDepartment of Genetics.
=900  \\$aNK40316
=949  \\$zUAIN$zETHESIS

