=LDR  01285ntm a22003251i 4500
=001  uab09281271
=003  UAB
=005  20141027145208.0
=006  m|||||o||d||||||||
=007  cr||||||||||||
=008  141027t19781978xx\df\\\obm\\\000\0\eng\d
=040  \\$aUAB$beng$erda$cUAB
=043  \\$an-cn-ab
=050  \4$aQK495.G74$bT36 1978
=090  \\$aInternet Access$bAEU
=100  1\$aTan, Way-Koon Lau,$eauthor.
=245  10$aGenotype-environment interaction, stability and combining ability analyses in smooth bromegrass /$cby Way-Koon Lau Tan.
=264  \1$c[1978]
=264  \4$c©1978
=300  \\$a1 online resource (xiv, 113 pages) :$billustrations
=336  \\$atext$btxt$2rdacontent
=337  \\$acomputer$bc$2rdamedia
=338  \\$aonline resource$bcr$2rdacarrier
=500  \\$a"A thesis submitted to the Faculty of Graduate Studies and Research in partial fulfilment of the requirements for the degree of Doctor of Philosophy in Plant Breeding, Department of Plant Science."
=502  \\$bPh. D.$cUniversity of Alberta$d1978.
=504  \\$aIncludes bibliographical references (pages 94-99).
=650  \0$aSmooth brome$zAlberta$xGenetics.
=650  \0$aSmooth brome$xYields$zAlberta.
=710  2\$aUniversity of Alberta.$bDepartment of Plant Science.
=900  \\$aNK40323
=949  \\$zUAIN$zETHESIS

