=LDR  01249ntm a22003131i 4500
=001  uab09281284
=003  UAB
=005  20141027150558.0
=006  m|||||o||d||||||||
=007  cr||||||||||||
=008  141027t19781978xx\abde\obm\\\000\0\eng\d
=040  \\$aUAB$beng$erda$cUAB
=043  \\$as-gy---
=050  \4$aHD9066.G952$bT43 1978
=090  \\$aInternet Access$bAEU
=100  1\$aThakur, Andra P.,$eauthor.
=245  14$aThe impact of technology on agriculture :$ba study of the mechanization of Guyana's rice industry /$cby Andra P. Thakur.
=264  \1$c[1978]
=264  \4$c©1978
=300  \\$a1 online resource (xvi, 311 pages) :$billustrations, maps, plans
=336  \\$atext$btxt$2rdacontent
=337  \\$acomputer$bc$2rdamedia
=338  \\$aonline resource$bcr$2rdacarrier
=500  \\$a"A thesis submitted to the Faculty of Graduate Studies and Research in partial fulfilment of the requirements for the degree of Doctor of Philosophy, Department of Anthropology."
=502  \\$bPh. D.$cUniversity of Alberta$d1978.
=504  \\$aIncludes bibliographical references (pages 269-299).
=650  \0$aRice trade$xTechnological innovations$zGuyana.
=710  2\$aUniversity of Alberta.$bDepartment of Anthropology.
=900  \\$aNK40327
=949  \\$zUAIN$zETHESIS

