=LDR  01353ntm a22003491i 4500
=001  uab09281309
=003  UAB
=005  20141027153256.0
=006  m|||||o||d||||||||
=007  cr||||||||||||
=008  141027t19781978xx\adf\\obm\\\000\0\eng\d
=040  \\$aUAB$beng$erda$cUAB
=050  \4$aQP321$b.T74 1978
=090  \\$aInternet Access$bAEU
=100  1\$aTreffers, Reinder C.,$eauthor.
=245  14$aThe effects of urea- and glycerol-removal treatments on excitation-contraction coupling in frog skeletal muscle /$cby Reinder C. Treffers.
=264  \1$c[1978]
=264  \4$c©1978
=300  \\$a1 online resource (xiv, 164 pages) :$billustrations
=336  \\$atext$btxt$2rdacontent
=337  \\$acomputer$bc$2rdamedia
=338  \\$aonline resource$bcr$2rdacarrier
=500  \\$a"A thesis submitted to the Faculty of Graduate Studies and Research in partial fulfilment of the requirements for the degree of Doctor of Philosophy in Pharmacology, Department of Pharmacology."
=502  \\$bPh. D.$cUniversity of Alberta$d1978.
=504  \\$aIncludes bibliographical references (pages 149-164).
=650  \0$aSkeleton$xMuscles$xContraction.
=650  \0$aExcitation (Physiology)
=650  \0$aUrea.
=650  \0$aGlycerin.
=650  \0$aFrogs$xPhysiology.
=710  2\$aUniversity of Alberta.$bDepartment of Pharmacology.
=900  \\$aNK40335
=949  \\$zUAIN$zETHESIS

