=LDR  01257ntm a22003251i 4500
=001  uab09281375
=003  UAB
=005  20141027163349.0
=006  m|||||o||d||||||||
=007  cr||||||||||||
=008  141027t19791979xx\adf\\obm\\\000\0\eng\d
=040  \\$aUAB$beng$erda$cUAB
=050  \4$aBF295$b.G57 1979
=090  \\$aInternet Access$bAEU
=100  1\$aGirouard, Yves,$eauthor.
=245  10$aEncoding and recognition characteristics of different movement cues revealed by recognition-memory experiments /$cby Yves Girouard.
=264  \1$c[1979]
=264  \4$c©1979
=300  \\$a1 online resource (x, 130 pages) :$billustrations
=336  \\$atext$btxt$2rdacontent
=337  \\$acomputer$bc$2rdamedia
=338  \\$aonline resource$bcr$2rdacarrier
=500  \\$a"A thesis submitted to the Faculty of Graduate Studies and Research in partial fulfillment of the requirements for the degree of Doctor of Philosophy, Department of Physical Education."
=502  \\$bPh. D.$cUniversity of Alberta$d1979.
=504  \\$aIncludes bibliographical references (pages [105]-115).
=650  \0$aMotor ability.
=650  \0$aMemory.
=650  \0$aMovement sequences.
=710  2\$aUniversity of Alberta.$bDepartment of Physical Education.
=900  \\$aNK40409
=949  \\$zUAIN$zETHESIS

