=LDR  01361ntm a22003371i 4500
=001  uab09281414
=003  UAB
=005  20141027170446.0
=006  m|||||o||d||||||||
=007  cr||||||||||||
=008  141027t19791979xx\adf\\obm\\\000\0\eng\d
=040  \\$aUAB$beng$erda$cUAB
=050  \4$aQD305.N8$bM35 1979
=090  \\$aInternet Access$bAEU
=100  1\$aMcLaughlin, Larry W.,$eauthor.
=245  10$aSynthesis of nitrosoureas and the study of their chemical reactions with nucleic acids /$cby Larry W. McLaughlin.
=264  \1$c[1979]
=264  \4$c©1979
=300  \\$a1 online resource (1 unnumbered page, xiii, 225 pages) :$billustrations
=336  \\$atext$btxt$2rdacontent
=337  \\$acomputer$bc$2rdamedia
=338  \\$aonline resource$bcr$2rdacarrier
=500  \\$a"A thesis submitted to the Faculty of Graduate Studies and Research in partial fulfilment of the requirements for the degree of Doctor of Philosophy, Department of Chemistry."
=502  \\$bPh. D.$cUniversity of Alberta$d1979.
=504  \\$aIncludes bibliographical references (pages 211-225).
=590  \\$aLibrary copy imperfect: 1 unnumbered, xiii pages, and pages 1-83 scanned twice.
=650  \0$aNitrosoureas$xSynthesis.
=650  \0$aNucleic acids.
=650  \0$aChemical reactions.
=710  2\$aUniversity of Alberta.$bDepartment of Chemistry.
=900  \\$aNK40452
=949  \\$zUAIN$zETHESIS

