=LDR  01383ntm a22003611i 4500
=001  uab09281636
=003  UAB
=005  20141028122243.0
=006  m|||||o||d||||||||
=007  cr||||||||||||
=008  141028t19791979xx\abf\\obm\\\000\0\eng\d
=040  \\$aUAB$beng$erda$cUAB
=043  \\$an-cn-bc
=050  \4$aQE927.2$b.B37 1979
=090  \\$aInternet Access$bAEU
=100  1\$aBasinger, James F.,$eauthor.
=245  10$aStructurally preserved metasequoia from the Middle Eocene of southern British Columbia, Canada /$cby James Frederick Basinger.
=264  \1$c[1979]
=264  \4$c©1979
=300  \\$a1 online resource (x, 158 pages) :$billustrations, map
=336  \\$atext$btxt$2rdacontent
=337  \\$acomputer$bc$2rdamedia
=338  \\$aonline resource$bcr$2rdacarrier
=500  \\$a"A thesis submitted to the Faculty of Graduate Studies and Research in partial fulfilment of the requirements for the degree of Doctor of Philosophy, Department of Botany."
=502  \\$bPh. D.$cUniversity of Alberta$d1979.
=504  \\$aIncludes bibliographical references (pages 143-158).
=590  \\$aLibrary copy imperfect: page 100 scanned twice.
=650  \0$aPaleobotany$yEocene.
=650  \0$aPaleobotany$zBritish Columbia.
=650  \0$aMetasequoia.
=650  \0$aTaxodiaceae, Fossil.
=710  2\$aUniversity of Alberta.$bDepartment of Botany.
=900  \\$aNK43339
=949  \\$zUAIN$zETHESIS

