=LDR  01510ntm a22003611i 4500
=001  uab09281649
=003  UAB
=005  20141028123921.0
=006  m|||||o||d||||||||
=007  cr||||||||||||
=008  141028t19781978xx\adf\\obm\\\000\0\eng\d
=040  \\$aUAB$beng$erda$cUAB
=050  \4$aRC394.H37$bB65 1978
=090  \\$aInternet Access$bAEU
=100  1\$aBoisvert, Donald P. J.,$eauthor.
=245  10$aRegional cerebral blood flow autoregulation and cerebral vasospasm in monkeys with subarachnoid hemorrhage /$cby Donald Paul Joseph Boisvert.
=264  \1$c[1978]
=264  \4$c©1978
=300  \\$a1 online resource (xiii, 134 pages) :$billustrations
=336  \\$atext$btxt$2rdacontent
=337  \\$acomputer$bc$2rdamedia
=338  \\$aonline resource$bcr$2rdacarrier
=500  \\$a"A thesis submitted to the Faculty of Graduate Studies and Research in partial fulfilment of the requirements for the degree of Doctor of Philosophy in Experimental Surgery, Department of Surgery."
=502  \\$bPh. D.$cUniversity of Alberta$d1978.
=504  \\$aIncludes bibliographical references (pages 114-126).
=590  \\$aLibrary copy imperfect: pages 1-3 wanting; page xiii scanned 4 times.
=650  \0$aSubarachnoid hemorrhage$xAnimal models.
=650  \0$aBrain$xPathophysiology$xAnimal models.
=650  \0$aCerebral circulation.
=650  \0$aCerebrovascular spasm.
=650  \0$aMonkeys as laboratory animals.
=710  2\$aUniversity of Alberta.$bDepartment of Surgery.
=900  \\$aNK43353
=949  \\$zUAIN$zETHESIS

