=LDR  01424ntm a22003251i 4500
=001  uab09281701
=003  UAB
=005  20141028134009.0
=006  m|||||o||d||||||||
=007  cr||||||||||||
=008  141028t19791979xx\adf\\obm\\\000\0\eng\d
=040  \\$aUAB$beng$erda$cUAB
=050  \4$aQK898.S49$bC43 1979
=090  \\$aInternet Access$bAEU
=100  1\$aChan, Wing Hong,$eauthor.
=245  10$aPart 1, Total synthesis of (-)-khusimone, (+)-zizanoic acid and (-)-epizizanoic acid ;$bPart 2, Synthetic studies on cedrenoid sesquiterpenes /$cby Wing Hong Chan.
=264  \1$c[1979]
=264  \4$c©1979
=300  \\$a1 online resource (xvi, 130 pages, 2 unnumbered pages) :$billustrations
=336  \\$atext$btxt$2rdacontent
=337  \\$acomputer$bc$2rdamedia
=338  \\$aonline resource$bcr$2rdacarrier
=500  \\$a"A thesis submitted to the Faculty of Graduate Studies and Research in partial fulfillment of the requirements for the degree of Doctor of Philosophy, Department of Chemistry."
=502  \\$bPh. D.$cUniversity of Alberta$d1979.
=504  \\$aIncludes bibliographical references.
=650  \0$aSesquiterpenes$xSynthesis.
=700  12$aChan, Wing Hong.$tTotal synthesis of (-)-khusimone, (+)-zizanoic acid and (-)-epizizanoic acid.
=700  12$aChan, Wing Hong.$tSynthetic studies on cedrenoid sesquiterpenes.
=710  2\$aUniversity of Alberta.$bDepartment of Chemistry.
=900  \\$aNK43369
=949  \\$zUAIN$zETHESIS

