=LDR  01227ntm a22003251i 4500
=001  uab09281732
=003  UAB
=005  20141028141813.0
=006  m|||||o||d||||||||
=007  cr||||||||||||
=008  141028t19791979xx\abdf\obm\\\000\0\eng\d
=040  \\$aUAB$beng$erda$cUAB
=043  \\$an-cn-ab
=050  \4$aQL638.E7$bD53 1979
=090  \\$aInternet Access$bAEU
=100  1\$aDiana, James S.,$d1951-$eauthor.
=245  13$aAn energy budget for northern pike (Esox lucius) in Lac Ste. Anne, Alberta /$cby James S. Diana.
=264  \1$c[1979]
=264  \4$c©1979
=300  \\$a1 online resource (xi, 160 pages) :$billustrations, maps
=336  \\$atext$btxt$2rdacontent
=337  \\$acomputer$bc$2rdamedia
=338  \\$aonline resource$bcr$2rdacarrier
=500  \\$a"A thesis submitted to the Faculty of Graduate Studies and Research in partial fulfilment of the requirements for the degree of Doctor of Philosophy, Department of Zoology."
=502  \\$bPh. D.$cUniversity of Alberta$d1979.
=504  \\$aIncludes bibliographical references (pages 113-120).
=650  \0$aPike$zAlberta$zSainte Anne, Lac.
=650  \0$aBioenergetics.
=710  2\$aUniversity of Alberta.$bDepartment of Zoology.
=900  \\$aNK43387
=949  \\$zUAIN$zETHESIS

