=LDR  01384ntm a22003371i 4500
=001  uab09281746
=003  UAB
=005  20141028143958.0
=006  m|||||o||d||||||||
=007  cr||||||||||||
=008  141028t19791979xx\adf\\obm\\\000\0\eng\d
=040  \\$aUAB$beng$erda$cUAB
=050  \4$aRM328$b.D87 1979
=090  \\$aInternet Access$bAEU
=100  1\$aDurham, Heather Dale,$eauthor.
=245  10$aMechanism of narcotic action at the frog skeletal neuromuscular junction :$ban electrophysiological study /$cby Heather Dale Durham.
=264  \1$c[1979]
=264  \4$c©1979
=300  \\$a1 online resource (xvii, 188 pages) :$billustrations
=336  \\$atext$btxt$2rdacontent
=337  \\$acomputer$bc$2rdamedia
=338  \\$aonline resource$bcr$2rdacarrier
=500  \\$a"A thesis submitted to the Faculty of Graduate Studies and Research in partial fulfilment of the requirements for the degree of Doctor of Philosophy in Pharmacology, Department of Pharmacology."
=502  \\$bPh. D.$cUniversity of Alberta$d1979.
=504  \\$aIncludes bibliographical references (pages 166-186).
=650  \0$aMyoneural junction$xEffect of drugs on.
=650  \0$aNarcotics$xPhysiological effect.
=650  \0$aMyoneural junction$xElectric properties.
=650  \0$aFrogs as laboratory animals.
=710  2\$aUniversity of Alberta.$bDepartment of Pharmacology.
=900  \\$aNK43392
=949  \\$zUAIN$zETHESIS

