=LDR  01415ntm a22003251i 4500
=001  uab09281750
=003  UAB
=005  20141028144816.0
=006  m|||||o||d||||||||
=007  cr||||||||||||
=008  141028t19791979xx\abdf\obm\\\000\0\eng\d
=040  \\$aUAB$beng$erda$cUAB
=043  \\$an-cn-ab$an-cn-sn
=050  \4$aTD227.N67$bE27 1979
=090  \\$aInternet Access$bAEU
=100  1\$aEarmme, Seung Young,$eauthor.
=245  12$aA water use projection model for the North Saskatchewan River Basin, Alberta, 1980-1985 :$ban input-output approach /$cby Seung Young Earmme.
=264  \1$c[1979]
=264  \4$c©1979
=300  \\$a1 online resource (3, viii, 277 pages) :$billustrations, map
=336  \\$atext$btxt$2rdacontent
=337  \\$acomputer$bc$2rdamedia
=338  \\$aonline resource$bcr$2rdacarrier
=500  \\$a"A thesis submitted to the Faculty of Graduate Studies and Research in partial fulfilment of the requirements for the degree of Doctor of Philosophy, Department of Economics."
=502  \\$bPh. D.$cUniversity of Alberta$d1979.
=504  \\$aIncludes bibliographical references (pages 171-176).
=650  \0$aWater consumption$xEconomic aspects$zNorth Saskatchewan River Watershed (Alta. and Sask.)
=650  \0$aWater consumption$zNorth Saskatchewan River Watershed (Alta. and Sask.)$xForecasting.
=710  2\$aUniversity of Alberta.$bDepartment of Economics.
=900  \\$aNK43393
=949  \\$zUAIN$zETHESIS

