=LDR  01497ntm a22003491i 4500
=001  uab09281999
=003  UAB
=005  20141029100123.0
=006  m|||||o||d||||||||
=007  cr||||||||||||
=008  141029t19791979xx\df\\\obm\\\000\0\eng\d
=040  \\$aUAB$beng$erda$cUAB
=050  \4$aQP114.E9$bG56 1979
=090  \\$aInternet Access$bAEU
=100  1\$aGionet, Normand,$eauthor.
=245  14$aThe effects of growth, anaerobic (sprint running), and aerobic (continuous running) training on protein, nucleic acids and connective tissue in the left ventricle of male rats /$cby Normand Gionet.
=264  \1$c[1979]
=264  \4$c©1979
=300  \\$a1 online resource (xiv, 142 pages) :$billustrations
=336  \\$atext$btxt$2rdacontent
=337  \\$acomputer$bc$2rdamedia
=338  \\$aonline resource$bcr$2rdacarrier
=500  \\$a"A thesis submitted to the Faculty of Graduate Studies and Research in partial fulfilment of the requirements for the degree of Doctor of Philosophy, Department of Physical Education."
=502  \\$bPh. D.$cUniversity of Alberta$d1979.
=504  \\$aIncludes bibliographical references (pages 71-81).
=650  \0$aHeart$xLeft ventricle$xPhysiology.
=650  \0$aHeart$xLeft ventricle$xGrowth$xPhysiology.
=650  \0$aSprinting$xPhysiological aspects.
=650  \0$aContinuous training (Exercise)$xPhysiological aspects.
=650  \0$aRats$xPhysiology.
=710  2\$aUniversity of Alberta.$bDepartment of Physical Education.
=900  \\$aNK43410
=949  \\$zUAIN$zETHESIS

