=LDR  01189ntm a22003131i 4500
=001  uab09282001
=003  UAB
=005  20141029100304.0
=006  m|||||o||d||||||||
=007  cr||||||||||||
=008  141029t19791979xx\adf\\obm\\\000\0\eng\d
=040  \\$aUAB$beng$erda$cUAB
=050  \4$aQL537.D76$bG57 1979
=090  \\$aInternet Access$bAEU
=100  1\$aGirton, Jack R.,$eauthor.
=245  10$aPattern duplications in a mutant of Drosophila melanogaster /$cby Jack Richard Girton.
=264  \1$c[1979]
=264  \4$c©1979
=300  \\$a1 online resource (xv, 195 pages) :$billustrations
=336  \\$atext$btxt$2rdacontent
=337  \\$acomputer$bc$2rdamedia
=338  \\$aonline resource$bcr$2rdacarrier
=500  \\$a"A thesis submitted to the Faculty of Graduate Studies and Research in partial fulfilment of the requirements for the degree of Doctor of Philosophy, Department of Genetics."
=502  \\$bPh. D.$cUniversity of Alberta$d1979.
=504  \\$aIncludes bibliographical references (pages 165-177).
=650  \0$aDrosophila melanogaster$xGenetics.
=650  \0$aMutation (Biology)
=710  2\$aUniversity of Alberta.$bDepartment of Genetics.
=900  \\$aNK43411
=949  \\$zUAIN$zETHESIS

