=LDR  01180ntm a22003251i 4500
=001  uab09282003
=003  UAB
=005  20141029100635.0
=006  m|||||o||d||||||||
=007  cr||||||||||||
=008  141029t19791979xx\\\\\\obm\\\000\0\eng\d
=040  \\$aUAB$beng$erda$cUAB
=050  \4$aSB211.P8$bG65 1979
=090  \\$aInternet Access$bAEU
=100  1\$aGolan-Goldhirsh, Avi,$eauthor.
=245  10$aStudies of the proteins and amino acids in the potato /$cby Avi Golan-Goldhirsh.
=264  \1$c[1979]
=264  \4$c©1979
=300  \\$a1 online resource (xix, 162 pages)
=336  \\$atext$btxt$2rdacontent
=337  \\$acomputer$bc$2rdamedia
=338  \\$aonline resource$bcr$2rdacarrier
=500  \\$a"A thesis submitted to the Faculty of Graduate Studies and Research in partial fulfilment of the requirements for the degree of Doctor of Philosophy, Department of Food Science."
=502  \\$bPh. D.$cUniversity of Alberta$d1979.
=504  \\$aIncludes bibliographical references (pages 146-156).
=650  \0$aPotatoes.
=650  \0$aPlant proteins.
=650  \0$aAmino acids.
=710  2\$aUniversity of Alberta.$bDepartment of Food Science.
=900  \\$aNK43413
=949  \\$zUAIN$zETHESIS

