=LDR  01198ntm a22003131i 4500
=001  uab09282013
=003  UAB
=005  20141029101508.0
=006  m|||||o||d||||||||
=007  cr||||||||||||
=008  141029t19791979xx\abdf\obm\\\000\0\eng\d
=040  \\$aUAB$beng$erda$cUAB
=050  \4$aQL737.R666$bH47 1979
=090  \\$aInternet Access$bAEU
=100  1\$aHerman, Thomas Bruce,$eauthor.
=245  10$aPopulation ecology of insular Peromyscus maniculatus /$cby Thomas Bruce Herman.
=264  \1$c[1979]
=264  \4$c©1979
=300  \\$a1 online resource (xvi, 155 pages) :$billustrations, map
=336  \\$atext$btxt$2rdacontent
=337  \\$acomputer$bc$2rdamedia
=338  \\$aonline resource$bcr$2rdacarrier
=500  \\$a"A thesis submitted to the Faculty of Graduate Studies and Research in partial fulfilment of the requirements for the degree of Doctor of Philosophy, Department of Zoology."
=502  \\$bPh. D.$cUniversity of Alberta$d1979.
=504  \\$aIncludes bibliographical references (pages 147-155).
=650  \0$aPeromyscus maniculatus$xEcology.
=650  \0$aAnimal population density.
=710  2\$aUniversity of Alberta.$bDepartment of Zoology.
=900  \\$aNK43435
=949  \\$zUAIN$zETHESIS

