=LDR  01257ntm a22003131i 4500
=001  uab09282016
=003  UAB
=005  20141029102008.0
=006  m|||||o||d||||||||
=007  cr||||||||||||
=008  141029t19791979xx\af\\\obm\\\000\0\eng\d
=040  \\$aUAB$beng$erda$cUAB
=050  \4$aGV361$b.J64 1979
=090  \\$aInternet Access$bAEU
=100  1\$aJohns, David P.,$eauthor.
=245  14$aThe physical educator and the structuring of his professional world /$can ethnographic account by David P. Johns.
=264  \1$c[1979]
=264  \4$c©1979
=300  \\$a1 online resource (xiv, 299 pages) :$billustrations
=336  \\$atext$btxt$2rdacontent
=337  \\$acomputer$bc$2rdamedia
=338  \\$aonline resource$bcr$2rdacarrier
=500  \\$a"A thesis submitted to the Faculty of Graduate Studies and Research in partial fulfilment of the requirements for the degree of Doctor of Philosophy in Physical Education."
=502  \\$bPh. D.$cUniversity of Alberta$d1979.
=504  \\$aIncludes bibliographical references (pages 291-299).
=650  \0$aPhysical education teachers$xPsychology.
=650  \0$aPhysical education teachers$xSocial conditions.
=710  2\$aUniversity of Alberta.$bDepartment of Physical Education.
=900  \\$aNK43443
=949  \\$zUAIN$zETHESIS

