=LDR  01199ntm a22003131i 4500
=001  uab09282023
=003  UAB
=005  20141029103135.0
=006  m|||||o||d||||||||
=007  cr||||||||||||
=008  141029t19791979xx\\\\\\obm\\\000\0\eng\d
=040  \\$aUAB$beng$erda$cUAB
=050  \4$aBF723.T6$bK56 1979
=090  \\$aInternet Access$bAEU
=100  1\$aKinkaide, Alexandra,$eauthor.
=245  10$aChildren's knowledge of temporal sequences :$bspontaneous and trained responses /$cby Alexandra Kinkaide.
=264  \1$c[1979]
=264  \4$c©1979
=300  \\$a1 online resource (ix, 95 pages, 1 unnumbered page)
=336  \\$atext$btxt$2rdacontent
=337  \\$acomputer$bc$2rdamedia
=338  \\$aonline resource$bcr$2rdacarrier
=500  \\$a"A thesis submitted to the Faculty of Graduate Studies and Research in partial fulfilment of the requirements for the degree of Doctor of Philosophy in Psychology."
=502  \\$bPh. D.$cUniversity of Alberta$d1979.
=504  \\$aIncludes bibliographical references (pages 84-[96]).
=650  \0$aTime perception in children.
=650  \0$aMemory in children.
=710  2\$aUniversity of Alberta.$bDepartment of Psychology.
=900  \\$aNK43450
=949  \\$zUAIN$zETHESIS

