=LDR  01471ntm a22003491i 4500
=001  uab09282043
=003  UAB
=005  20141029110903.0
=006  m|||||o||d||||||||
=007  cr||||||||||||
=008  141029t19791979xx\df\\\obm\\\000\0\eng\d
=040  \\$aUAB$beng$erda$cUAB
=043  \\$an-cn---
=050  \4$aHB939$b.M33 1979
=090  \\$aInternet Access$bAEU
=100  1\$aMadduri, Venkata Bhaskara Narasimha Sastry,$eauthor.
=245  10$aEconomic analysis of fertility behaviour in Canada /$can examination of 1971 census data by Venkata Bhaskara Narasimha Sastry Madduri.
=264  \1$c[1979]
=264  \4$c©1979
=300  \\$a1 online resource (xii, 135 pages) :$billustrations
=336  \\$atext$btxt$2rdacontent
=337  \\$acomputer$bc$2rdamedia
=338  \\$aonline resource$bcr$2rdacarrier
=500  \\$a"A thesis submitted to the Faculty of Graduate Studies and Research in partial fulfilment of the requirements for the degree of Doctor of Philosophy in Economics - Demography, Department of Economics."
=502  \\$bPh. D.$cUniversity of Alberta$d1979.
=504  \\$aIncludes bibliographical references (pages 124-129).
=590  \\$aLibrary copy imperfect: page 49 partially unreadable; page 52 wanting.
=650  \0$aFertility, Human$xEconomic aspects$zCanada.
=650  \0$aFertility, Human$xSocial aspects$zCanada.
=651  \0$aCanada$xCensus, 1971.
=710  2\$aUniversity of Alberta.$bDepartment of Economics.
=900  \\$aNK43480
=949  \\$zUAIN$zETHESIS

