=LDR  01284ntm a22003371i 4500
=001  uab09282103
=003  UAB
=005  20141029124753.0
=006  m|||||o||d||||||||
=007  cr||||||||||||
=008  141029t19791979xx\adf\\obm\\\000\0\eng\d
=040  \\$aUAB$beng$erda$cUAB
=050  \4$aRS189.5.C48$bM64 1979
=090  \\$aInternet Access$bAEU
=100  1\$aMohammed, Hussain Y.,$eauthor.
=245  10$aChromatography and two phase photometric titrations for the determination of drugs and other substances /$cby Hussain Y. Mohammed.
=264  \1$c[1979]
=264  \4$c©1979
=300  \\$a1 online resource (xx, 237 pages) :$billustrations
=336  \\$atext$btxt$2rdacontent
=337  \\$acomputer$bc$2rdamedia
=338  \\$aonline resource$bcr$2rdacarrier
=500  \\$a"A thesis submitted to the Faculty of Graduate Studies and Research in partial fulfilment of the requirements for the degree of Doctor of Philosophy in Chemistry."
=502  \\$bPh. D.$cUniversity of Alberta$d1979.
=504  \\$aIncludes bibliographical references (pages 197-206).
=650  \0$aDrugs$xAnalysis.
=650  \0$aChromatographic analysis.
=650  \0$aVolumetric analysis.
=650  \0$aPhotometry.
=710  2\$aUniversity of Alberta.$bDepartment of Chemistry.
=900  \\$aNK43493
=949  \\$zUAIN$zETHESIS

