=LDR  01284ntm a22003611i 4500
=001  uab09282121
=003  UAB
=005  20141029131351.0
=006  m|||||o||d||||||||
=007  cr||||||||||||
=008  141029t19791979xx\af\\\obm\\\000\0\eng\d
=040  \\$aUAB$beng$erda$cUAB
=050  \4$aQD181.B1$bO93 1979
=090  \\$aInternet Access$bAEU
=100  1\$aOudenes, Jan,$eauthor.
=245  10$aOrganic syntheses via enol borinates /$cby Jan Oudenes.
=264  \1$c[1979]
=264  \4$c©1979
=300  \\$a1 online resource (xi, 224 pages) :$billustrations
=336  \\$atext$btxt$2rdacontent
=337  \\$acomputer$bc$2rdamedia
=338  \\$aonline resource$bcr$2rdacarrier
=500  \\$a"A thesis submitted to the Faculty of Graduate Studies and Research in partial fulfilment of the requirements for the degree of Doctor of Philosophy in Chemistry."
=502  \\$bPh. D.$cUniversity of Alberta$d1979.
=504  \\$aIncludes bibliographical references (pages [210]-224).
=590  \\$aLibrary copy imperfect: page 210 partially unreadable.
=650  \0$aBoron$xSynthesis.
=650  \0$aAnions$xSynthesis.
=650  \0$aEnols$xSynthesis.
=650  \0$aKetones.
=650  \0$aBoranes.
=710  2\$aUniversity of Alberta.$bDepartment of Chemistry.
=900  \\$aNK43511
=949  \\$zUAIN$zETHESIS

