=LDR  01819ntm a22004091i 4500
=001  uab09282126
=003  UAB
=005  20141029132157.0
=006  m|||||o||d||||||||
=007  cr||||||||||||
=008  141029t19791979xx\adf\\obm\\\000\0\eng\d
=040  \\$aUAB$beng$erda$cUAB
=050  \4$aQK495.L52$bP56 1979
=090  \\$aInternet Access$bAEU
=100  1\$aPinchbeck, Brian Roy,$eauthor.
=245  12$aA genetic study of symbiotic nitrogen fixation in the tropical legume Desmodium /$cby Brian Roy Pinchbeck.
=264  \1$c[1979]
=264  \4$c©1979
=300  \\$a1 online resource (xx, 218 pages) :$billustrations
=336  \\$atext$btxt$2rdacontent
=337  \\$acomputer$bc$2rdamedia
=338  \\$aonline resource$bcr$2rdacarrier
=500  \\$a"A thesis submitted to the Faculty of Graduate Studies and Research in partial fulfilment of the requirements for the degree of Doctor of Philosophy in Agronomy, Interdisciplinary in Animal Science, Plant Science and Soil Science."
=500  \\$aStrain-specific ineffective nodulation of the tropical legume Desmodium by Rhizobium reprinted from Crop science.
=502  \\$bPh. D.$cUniversity of Alberta$d1979.
=504  \\$aIncludes bibliographical references (pages 178-183).
=650  \0$aDesmodium$xGenetics.
=650  \0$aNitrogen$xFixation.
=650  \0$aRhizobium.
=650  \0$aSymbiosis.
=650  \0$aHost-bacteria relationships.
=700  12$aPinchbeck, Brian Roy.$tStrain-specific ineffective nodulation of the tropical legume Desmodium by Rhizobium.
=710  2\$aCrop Science Society of America.$tCrop science.
=710  2\$aUniversity of Alberta.$bDepartment of Animal Science.
=710  2\$aUniversity of Alberta.$bDepartment of Plant Science.
=710  2\$aUniversity of Alberta.$bDepartment of Soil Science.
=900  \\$aNK43523
=949  \\$zUAIN$zETHESIS

