=LDR  01398ntm a22003491i 4500
=001  uab09282159
=003  UAB
=005  20141029141626.0
=006  m|||||o||d||||||||
=007  cr||||||||||||
=008  141029t19791979xx\adf\\obm\\\000\0\eng\d
=040  \\$aUAB$beng$erda$cUAB
=050  \4$aQD411.7.S94$bR48 1979
=090  \\$aInternet Access$bAEU
=100  1\$aReuvers, Johannes Gerhardus Antonius Andreas Maria,$eauthor.
=245  10$aSynthesis and stereochemical nonrigidity of complexes derived from ((C[subscript 7]H[subscript 7])Fe(CO)[subscript 3])[superscript -] /$cby Johannes Gerhardus Antonius Andreas Maria Reuvers.
=264  \1$c[1979]
=264  \4$c©1979
=300  \\$a1 online resource (xxv, 290 pages) :$billustrations
=336  \\$atext$btxt$2rdacontent
=337  \\$acomputer$bc$2rdamedia
=338  \\$aonline resource$bcr$2rdacarrier
=500  \\$a"A thesis submitted to the Faculty of Graduate Studies and Research in partial fulfilment of the requirements for the degree of Doctor of Philosophy in Department of Chemistry."
=502  \\$bPh. D.$cUniversity of Alberta$d1979.
=504  \\$aIncludes bibliographical references (pages 270-290).
=650  \0$aOrganometallic compounds$xSynthesis.
=650  \0$aCarbon.
=650  \0$aHydrogen.
=650  \0$aIron.
=650  \0$aAnions.
=710  2\$aUniversity of Alberta.$bDepartment of Chemistry.
=900  \\$aNK43531
=949  \\$zUAIN$zETHESIS

