=LDR  01317ntm a22003251i 4500
=001  uab09282176
=003  UAB
=005  20141029143817.0
=006  m|||||o||d||||||||
=007  cr||||||||||||
=008  141029t19791979xx\af\\\obm\\\000\0\eng\d
=040  \\$aUAB$beng$erda$cUAB
=050  \4$aQK623.S23$bS28 1979
=090  \\$aInternet Access$bAEU
=100  1\$aSavage, Elizabeth A.$q(Elizabeth Arnot),$d1939-$eauthor.
=245  12$aA comparative analysis of recombination at the his 1 locus among five related diploid strains of Saccharomyces cerevisiae /$cby Elizabeth A. Savage.
=264  \1$c[1979]
=264  \4$c©1979
=300  \\$a1 online resource (xi, 93 pages) :$billustrations
=336  \\$atext$btxt$2rdacontent
=337  \\$acomputer$bc$2rdamedia
=338  \\$aonline resource$bcr$2rdacarrier
=500  \\$a"A thesis submitted to the Faculty of Graduate Studies and Research in partial fulfilment of the requirements for the degree of Doctor of Philosophy, Department of Genetics."
=502  \\$bPh. D.$cUniversity of Alberta$d1979.
=504  \\$aIncludes bibliographical references (pages 87-93).
=650  \0$aSaccharomyces cerevisiae$xGenetics.
=650  \0$aGenetic recombination.
=650  \0$aGenetic markers.
=710  2\$aUniversity of Alberta.$bDepartment of Genetics.
=900  \\$aNK43541
=949  \\$zUAIN$zETHESIS

