=LDR  01272ntm a22003131i 4500
=001  uab09282187
=003  UAB
=005  20141029144819.0
=006  m|||||o||d||||||||
=007  cr||||||||||||
=008  141029t19791979xx\acf\\obm\\\000\0\eng\d
=040  \\$aUAB$beng$erda$cUAB
=043  \\$an-cn-bc
=050  \4$aGV56.B8$bS37 1979
=090  \\$aInternet Access$bAEU
=100  1\$aSchrodt, Barbara,$eauthor.
=245  12$aA history of Pro-Rec :$bthe British Columbia provincial recreation programme, 1934 to 1953 /$cby Phyllis Barbara Schrodt.
=264  \1$c[1979]
=264  \4$c©1979
=300  \\$a1 online resource (xvi, 421 pages) :$billustrations, portraits
=336  \\$atext$btxt$2rdacontent
=337  \\$acomputer$bc$2rdamedia
=338  \\$aonline resource$bcr$2rdacarrier
=500  \\$a"A thesis submitted to the Faculty of Graduate Studies and Research in partial fulfilment of the requirements for the degree of Doctor of Philosophy, Department of Physical Education."
=502  \\$bPh. D.$cUniversity of Alberta$d1979.
=504  \\$aIncludes bibliographical references (pages 391-401).
=650  \0$aRecreation and state$zBritish Columbia$xHistory$y20th century.
=710  2\$aUniversity of Alberta.$bDepartment of Physical Education.
=900  \\$aNK43543
=949  \\$zUAIN$zETHESIS

