=LDR  01218ntm a22003131i 4500
=001  uab09282206
=003  UAB
=005  20141029150817.0
=006  m|||||o||d||||||||
=007  cr||||||||||||
=008  141029t19791979xx\\\\\\obm\\\000\0\eng\d
=040  \\$aUAB$beng$erda$cUAB
=050  \4$aQP609.A4$bS43 1979
=090  \\$aInternet Access$bAEU
=100  1\$aSeargeant, Lorne Edwin,$eauthor.
=245  10$aPurification and properties of human alkaline phosphatases /$cby Lorne Edwin Seargeant.
=264  \1$c[1979]
=264  \4$c©1979
=300  \\$a1 online resource (xv, 120 pages)
=336  \\$atext$btxt$2rdacontent
=337  \\$acomputer$bc$2rdamedia
=338  \\$aonline resource$bcr$2rdacarrier
=500  \\$a"A thesis submitted to the Faculty of Graduate Studies and Research in partial fulfillment of the requirements for the degree of Doctor of Philosophy in Medical Sciences, Department of Pathology."
=502  \\$bPh. D.$cUniversity of Alberta$d1979.
=504  \\$aIncludes bibliographical references (pages 110-119).
=650  \0$aAlkaline phosphatase$xPurification.
=650  \0$aAlkaline phosphatase$xProperties.
=710  2\$aUniversity of Alberta.$bDepartment of Pathology.
=900  \\$aNK43545
=949  \\$zUAIN$zETHESIS

