=LDR  01282ntm a22003251i 4500
=001  uab09282209
=003  UAB
=005  20141029151335.0
=006  m|||||o||d||||||||
=007  cr||||||||||||
=008  141029t19791979xx\adf\\obm\\\000\0\eng\d
=040  \\$aUAB$beng$erda$cUAB
=050  \4$aQP752.M45$bS55 1979
=090  \\$aInternet Access$bAEU
=100  1\$aSilvius, John Robert,$eauthor.
=245  10$aMembrane lipid properties and membrane function :$bsome studies at the physical-biological interface /$cby John Robert Silvius.
=264  \1$c[1979]
=264  \4$c©1979
=300  \\$a1 online resource (xvii, 185 pages) :$billustrations
=336  \\$atext$btxt$2rdacontent
=337  \\$acomputer$bc$2rdamedia
=338  \\$aonline resource$bcr$2rdacarrier
=500  \\$a"A thesis submitted to the Faculty of Graduate Studies and Research in partial fulfilment of the requirements for the degree of Doctor of Philosophy, Department of Biochemistry."
=502  \\$bPh. D.$cUniversity of Alberta$d1979.
=504  \\$aIncludes bibliographical references (pages 170-179).
=650  \0$aMembrane lipids$xProperties.
=650  \0$aMembranes (Biology)
=650  \0$aPhospholipids$xSynthesis.
=710  2\$aUniversity of Alberta.$bDepartment of Biochemistry.
=900  \\$aNK43550
=949  \\$zUAIN$zETHESIS

