=LDR  01216ntm a22003251i 4500
=001  uab09282366
=003  UAB
=005  20141029171227.0
=006  m|||||o||d||||||||
=007  cr||||||||||||
=008  141029t19801980xx\a\\\\obm\\\000\0\eng\d
=040  \\$aUAB$beng$erda$cUAB
=050  \4$aQA199$b.B76 1980
=090  \\$aInternet Access$bAEU
=100  1\$aBrooke, James A.,$eauthor.
=245  10$aClifford algebras, spin groups and Galilei invariance :$bnew perspectives /$cby James A. Brooke.
=264  \1$c[1980]
=264  \4$c©1980
=300  \\$a1 online resource (viii, 155 pages) :$billustrations
=336  \\$atext$btxt$2rdacontent
=337  \\$acomputer$bc$2rdamedia
=338  \\$aonline resource$bcr$2rdacarrier
=500  \\$a"A thesis submitted to the Faculty of Graduate Studies and Research in partial fulfilment of the requirements for the degree of Doctor of Philosophy, Department of Mathematics."
=502  \\$bPh. D.$cUniversity of Alberta$d1980.
=504  \\$aIncludes bibliographical references (pages 149-155).
=650  \0$aClifford algebras.
=650  \0$aGroup theory.
=650  \0$aGalilean group.
=710  2\$aUniversity of Alberta.$bDepartment of Mathematics.
=900  \\$aNK48898
=949  \\$zUAIN$zETHESIS

