=LDR  01181ntm a22003131i 4500
=001  uab09282523
=003  UAB
=005  20141030095058.0
=006  m|||||o||d||||||||
=007  cr||||||||||||
=008  141030t19801980xx\\\\\\obm\\\000\0\eng\d
=040  \\$aUAB$beng$erda$cUAB
=050  \4$aQD401$b.C43 1980
=090  \\$aInternet Access$bAEU
=100  1\$aChang, Moon Ho,$eauthor.
=245  10$aThermolysis of 4-alkylidene-1-pyrazolines /$cby Moon Ho Chang.
=264  \1$c[1980]
=264  \4$c©1980
=300  \\$a1 online resource (xviii, 282 pages)
=336  \\$atext$btxt$2rdacontent
=337  \\$acomputer$bc$2rdamedia
=338  \\$aonline resource$bcr$2rdacarrier
=500  \\$a"A thesis submitted to the Faculty of Graduate Studies and Research in partial fulfilment of the requirements for the degree of Doctor of Philosophy, Department of Chemistry."
=502  \\$bPh. D.$cUniversity of Alberta$d1980.
=504  \\$aIncludes bibliographical references (pages 241-251).
=590  \\$aLibrary copy imperfect: page 236 wanting.
=650  \0$aHeterocyclic compounds$xThermal properties.
=710  2\$aUniversity of Alberta.$bDepartment of Chemistry.
=900  \\$aNK48911
=949  \\$zUAIN$zETHESIS

