=LDR  01270ntm a22003251i 4500
=001  uab09282651
=003  UAB
=005  20141030133110.0
=006  m|||||o||d||||||||
=007  cr||||||||||||
=008  141030t19801980xx\df\\\obm\\\000\0\eng\d
=040  \\$aUAB$beng$erda$cUAB
=050  \4$aQP801.C33$bG73 1980
=090  \\$aInternet Access$bAEU
=100  1\$aGraham, A. D.,$eauthor.
=245  13$aAn investigation of the role played by catecholamines in the metabolic acclimation of sheep to cold /$cby A.D. Graham.
=264  \1$c[1980]
=264  \4$c©1980
=300  \\$a1 online resource (xi, 99 pages) :$billustrations
=336  \\$atext$btxt$2rdacontent
=337  \\$acomputer$bc$2rdamedia
=338  \\$aonline resource$bcr$2rdacarrier
=500  \\$a"A thesis submitted to the Faculty of Graduate Studies and Research in partial fulfilment of the requirements for the degree of Doctor of Philosophy in Animal Physiology, Department of Animal Science."
=502  \\$bPh. D.$cUniversity of Alberta$d1980.
=504  \\$aIncludes bibliographical references (pages 91-95).
=650  \0$aCatecholamines.
=650  \0$aSheep$xEffect of cold on.
=650  \0$aAcclimatization.
=710  2\$aUniversity of Alberta.$bDepartment of Animal Science.
=900  \\$aNK48955
=949  \\$zUAIN$zETHESIS

