=LDR  01150ntm a22003011i 4500
=001  uab09282666
=003  UAB
=005  20141030135050.0
=006  m|||||o||d||||||||
=007  cr||||||||||||
=008  141030t19801980xx\adf\\obm\\\000\0\eng\d
=040  \\$aUAB$beng$erda$cUAB
=050  \4$aQP613.C37$bH84 1980
=090  \\$aInternet Access$bAEU
=100  1\$aHuguet Amengual, Joan,$d1944-$eauthor.
=245  10$aSynthesis and physical studies of tridentate models for carbonic anhydrase /$cby Joan Huguet.
=264  \1$c[1980]
=264  \4$c©1980
=300  \\$a1 online resource (xiv, 142 pages) :$billustrations
=336  \\$atext$btxt$2rdacontent
=337  \\$acomputer$bc$2rdamedia
=338  \\$aonline resource$bcr$2rdacarrier
=500  \\$a"A thesis submitted to the Faculty of Graduate Studies and Research in partial fulfilment of the requirements for the degree of Doctor of Philosophy in Chemistry."
=502  \\$bPh. D.$cUniversity of Alberta$d1980.
=504  \\$aIncludes bibliographical references (pages 115-125).
=650  \0$aCarbonic anhydrase.
=710  2\$aUniversity of Alberta.$bDepartment of Chemistry.
=900  \\$aNK48975
=949  \\$zUAIN$zETHESIS

