=LDR  01362ntm a22003371i 4500
=001  uab09282689
=003  UAB
=005  20141030140642.0
=006  m|||||o||d||||||||
=007  cr||||||||||||
=008  141030t19801980xx\\\\\\obm\\\000\0\eng\d
=040  \\$aUAB$beng$erda$cUAB
=043  \\$an-cn---
=050  \4$aRA395.C2$bM34 1980
=090  \\$aInternet Access$bAEU
=100  1\$aMcGinnis, Janice P. Dickin$q(Janice Patricia Dickin),$d1947-$eauthor.
=245  10$aFrom health to welfare :$bfederal government policies regarding standards of public health for Canadians, 1919-1945 /$cby Janice P. Dickin McGinnis.
=264  \1$c[1980]
=264  \4$c©1980
=300  \\$a1 online resource (vii, 334 pages)
=336  \\$atext$btxt$2rdacontent
=337  \\$acomputer$bc$2rdamedia
=338  \\$aonline resource$bcr$2rdacarrier
=500  \\$a"A thesis submitted to the Faculty of Graduate Studies and Research in partial fulfillment of the requirements for the degree of Doctor of Philosophy, Department of History."
=502  \\$bPh. D.$cUniversity of Alberta$d1980.
=504  \\$aIncludes bibliographical references (pages 315-327).
=650  \0$aMedical policy$zCanada.
=650  \0$aPublic health$zCanada.
=610  10$aCanada.$bDepartment of National Health and Welfare.
=710  2\$aUniversity of Alberta.$bDepartment of History.
=900  \\$aNK49021
=949  \\$zUAIN$zETHESIS

