=LDR  01260ntm a22003251i 4500
=001  uab09282753
=003  UAB
=005  20141030151706.0
=006  m|||||o||d||||||||
=007  cr||||||||||||
=008  141030t19801980xx\adf\\obm\\\000\0\eng\d
=040  \\$aUAB$beng$erda$cUAB
=043  \\$an-cn-ab
=050  \4$aTN879.55$b.O28 1980
=090  \\$aInternet Access$bAEU
=100  1\$aObuekwe, Christian Okechukwu,$eauthor.
=245  10$aMicrobial corrosion of crude oil pipeline /$cby Christian Okechukwu Obuekwe.
=264  \1$c[1980]
=264  \4$c©1980
=300  \\$a1 online resource (xx, 347 pages) :$billustrations
=336  \\$atext$btxt$2rdacontent
=337  \\$acomputer$bc$2rdamedia
=338  \\$aonline resource$bcr$2rdacarrier
=500  \\$a"A thesis submitted to the Faculty of Graduate Studies and Research in partial fulfilment of the requirements for the degree of Doctor of Philosophy, Department of Microbiology."
=502  \\$bPh. D.$cUniversity of Alberta$d1980.
=504  \\$aIncludes bibliographical references (pages 324-334).
=650  \0$aPetroleum pipelines$xCorrosion$zAlberta.
=650  \0$aMicrobiologically influenced corrosion$zAlberta.
=710  2\$aUniversity of Alberta.$bDepartment of Microbiology.
=900  \\$aNK49053
=949  \\$zUAIN$zETHESIS

