=LDR  01250ntm a22003251i 4500
=001  uab09282851
=003  UAB
=005  20141030160823.0
=006  m|||||o||d||||||||
=007  cr||||||||||||
=008  141030t19801980xx\af\\\obm\\\000\0\eng\d
=040  \\$aUAB$beng$erda$cUAB
=050  \4$aQA76.9.D314$bE59 1980
=090  \\$aInternet Access$bAEU
=100  1\$aÖzsoyoğlu, Gültekin,$eauthor.
=245  10$aSecure statistical database design /$cby Gültekin Özsoyoğlu.
=264  \1$c[1980]
=264  \4$c©1980
=300  \\$a1 online resource (xiii, 152 pages) :$billustrations
=336  \\$atext$btxt$2rdacontent
=337  \\$acomputer$bc$2rdamedia
=338  \\$aonline resource$bcr$2rdacarrier
=500  \\$a"A thesis submitted to the Faculty of Graduate Studies and Research in partial fulfillment of the requirements for the degree of Doctor of Philosophy, Department of Computing Science."
=502  \\$bPh. D.$cUniversity of Alberta$d1980.
=504  \\$aIncludes bibliographical references (pages 142-147).
=650  \0$aDatabase security.
=650  \0$aDatabase design.
=650  \0$aStatistics$xComputer programs$xSecurity measures.
=710  2\$aUniversity of Alberta.$bDepartment of Computing Science.
=900  \\$aNK49060
=949  \\$zUAIN$zETHESIS

