=LDR  01252ntm a22003251i 4500
=001  uab09282948
=003  UAB
=005  20141030175234.0
=006  m|||||o||d||||||||
=007  cr||||||||||||
=008  141030t19801980xx\\\\\\obm\\\000\0\eng\d
=040  \\$aUAB$beng$erda$cUAB
=050  \4$aQA912$b.S28 1980
=090  \\$aInternet Access$bAEU
=100  1\$aSavage, James Reginald,$eauthor.
=245  10$aOn the problem of uniqueness of equilibrium stationary general relativistic fluids /$cby James Reginald Savage.
=264  \1$c[1980]
=264  \4$c©1980
=300  \\$a1 online resource (ix, 165 pages)
=336  \\$atext$btxt$2rdacontent
=337  \\$acomputer$bc$2rdamedia
=338  \\$aonline resource$bcr$2rdacarrier
=500  \\$a"A thesis submitted to the Faculty of Graduate Studies and Research in partial fulfilment of the requirements for the degree of Doctor of Philosophy in Theoretical Physics, Department of Physics."
=502  \\$bPh. D.$cUniversity of Alberta$d1980.
=504  \\$aIncludes bibliographical references (pages 147-153).
=650  \0$aRelativistic fluid dynamics.
=650  \0$aRotating masses of fluid.
=650  \0$aEquilibrium.
=710  2\$aUniversity of Alberta.$bDepartment of Physics.
=900  \\$aNK49097
=949  \\$zUAIN$zETHESIS

