=LDR  01162ntm a22003011i 4500
=001  uab09283180
=003  UAB
=005  20141031092644.0
=006  m|||||o||d||||||||
=007  cr||||||||||||
=008  141031t19801980xx\\\\\\obm\\\000\0deng\d
=040  \\$aUAB$beng$erda$cUAB
=050  \4$aPS3563.E75$bZ877 1980
=090  \\$aInternet Access$bAEU
=100  1\$aSwift, Keith,$eauthor.
=245  14$aThe poetry of W.S. Merwin :$ba study of theme and style /$cby Keith Swift.
=264  \1$c[1980]
=264  \4$c©1980
=300  \\$a1 online resource (viii, 237 pages)
=336  \\$atext$btxt$2rdacontent
=337  \\$acomputer$bc$2rdamedia
=338  \\$aonline resource$bcr$2rdacarrier
=500  \\$a"A thesis submitted to the Faculty of Graduate Studies and Research in partial fulfillment of the requirements for the degree of Doctor of Philosophy, Department of English."
=502  \\$bPh. D.$cUniversity of Alberta$d1980.
=504  \\$aIncludes bibliographical references (pages 226-237).
=600  10$aMerwin, W. S.$q(William Stanley),$d1927-$xCriticism and interpretation.
=710  2\$aUniversity of Alberta.$bDepartment of English.
=900  \\$aNK49119
=949  \\$zUAIN$zETHESIS

