=LDR  02381ntm a22004211i 4500
=001  uab09283238
=003  UAB
=005  20141031112202.0
=006  m|||||o||d||||||||
=007  cr||||||||||||
=008  141031t19811981xx\adf\\obm\\\000\0\eng\d
=040  \\$aUAB$beng$erda$cUAB
=050  \4$aQC809.E5$bD35 1981
=090  \\$aInternet Access$bAEU
=100  1\$aDaley, Patrick F.,$eauthor.
=245  10$aTopics in SH-wave propagation /$cby Patrick F. Daley.
=264  \1$c[1981]
=264  \4$c©1981
=300  \\$a1 online resource (xii, 128 pages) :$billustrations
=336  \\$atext$btxt$2rdacontent
=337  \\$acomputer$bc$2rdamedia
=338  \\$aonline resource$bcr$2rdacarrier
=500  \\$a"A thesis submitted to the Faculty of Graduate Studies and Research in partial fulfilment of the requirements for the degree of Doctor of Philosophy in Geophysics, Department of Physics."
=500  \\$a"Chapter one has been published ... in the ... Bulletin of the Seismological Society of America; chapter two is forthcoming in ... the Canadian Journal of Earth Sciences; chapter three has been submitted for publication to Geophysics"--Page iv.
=502  \\$bPh. D.$cUniversity of Alberta$d1981.
=504  \\$aIncludes bibliographical references (pages 124-128).
=505  0\$aSH waves in layered transversely isotropic media : an asymptotic expansion approach -- SH waves in layered transversely isotropic media : a wave approach -- Ray-reflectivity method for SH waves in stacks of thin and thick layers -- A comparison of synthetic seismograms for a thinly stratified medium and a transversely isotropic medium.
=650  \0$aElastic wave propagation.
=650  \0$aShear waves.
=700  12$aDaley, Patrick F.$tSH waves in layered transversely isotropic media : an asymptotic expansion approach.
=700  12$aDaley, Patrick F.$tSH waves in layered transversely isotropic media : a wave approach.
=700  12$aDaley, Patrick F.$tRay-reflectivity method for SH waves in stacks of thin and thick layers.
=700  12$aDaley, Patrick F.$tComparison of synthetic seismograms for a thinly stratified medium and a transversely isotropic medium.
=710  2\$aSeismological Society of America.$tBulletin.
=710  2\$aUniversity of Alberta.$bDepartment of Physics.
=730  0\$aGeophysics.
=730  0\$aCanadian Journal of Earth Sciences.
=900  \\$aNK51458
=949  \\$zUAIN$zETHESIS

