=LDR  01206ntm a22003131i 4500
=001  uab09283278
=003  UAB
=005  20141031115216.0
=006  m|||||o||d||||||||
=007  cr||||||||||||
=008  141031t19801980xx\abdf\obm\\\000\0\eng\d
=040  \\$aUAB$beng$erda$cUAB
=050  \4$aTA711.5$b.E46 1980
=090  \\$aInternet Access$bAEU
=100  1\$aEl-nahhas, Fathalla,$eauthor.
=245  14$aThe behaviour of tunnels in stiff soils /$cby Fathalla El-nahhas.
=264  \1$c[1980]
=264  \4$c©1980
=300  \\$a1 online resource (xxv, 305 pages) :$billustrations, map
=336  \\$atext$btxt$2rdacontent
=337  \\$acomputer$bc$2rdamedia
=338  \\$aonline resource$bcr$2rdacarrier
=500  \\$a"A thesis submitted to the Faculty of Graduate Studies and Research in partial fulfilment of the requirements for the degree of Doctor of Philosophy in Geotechnical Engineering, Department of Civil Engineering."
=502  \\$bPh. D.$cUniversity of Alberta$d1980.
=504  \\$aIncludes bibliographical references (pages 277-285).
=650  \0$aSoil-structure interaction.
=650  \0$aTunnels.
=710  2\$aUniversity of Alberta.$bDepartment of Civil Engineering.
=900  \\$aNK51469
=949  \\$zUAIN$zETHESIS

