=LDR  01245ntm a22003011i 4500
=001  uab09283323
=003  UAB
=005  20141031125909.0
=006  m|||||o||d||||||||
=007  cr||||||||||||
=008  141031t19811981xx\adf\\obm\\\000\0\eng\d
=040  \\$aUAB$beng$erda$cUAB
=050  \4$aQD96.I47$bH85 1981
=090  \\$aInternet Access$bAEU
=100  1\$aHull, Donald R.,$eauthor.
=245  14$aThe development and characterization of an electrothermal vaporization sample introduction system for the inductively coupled plasma /$cby Donald R. Hull.
=264  \1$c[1981]
=264  \4$c©1981
=300  \\$a1 online resource (xvi, 218 pages) :$billustrations
=336  \\$atext$btxt$2rdacontent
=337  \\$acomputer$bc$2rdamedia
=338  \\$aonline resource$bcr$2rdacarrier
=500  \\$a"A thesis submitted to the Faculty of Graduate Studies and Research in partial fulfilment of the requirements for the degree of Doctor of Philosophy, Department Chemistry."
=502  \\$bPh. D.$cUniversity of Alberta$d1981.
=504  \\$aIncludes bibliographical references (pages [155]-159).
=650  \0$aInductively coupled plasma atomic emission spectrometry.
=710  2\$aUniversity of Alberta.$bDepartment of Chemistry.
=900  \\$aNK51502
=949  \\$zUAIN$zETHESIS

