=LDR  01320ntm a22003371i 4500
=001  uab09283443
=003  UAB
=005  20141031151407.0
=006  m|||||o||d||||||||
=007  cr||||||||||||
=008  141031t19811981xx\af\\\obm\\\000\0\eng\d
=040  \\$aUAB$beng$erda$cUAB
=043  \\$an-cn---
=050  \4$aHD6057.5.C2$bH87 1981
=090  \\$aInternet Access$bAEU
=100  1\$aHusaini, Zohra,$eauthor.
=245  10$aSocial networks :$ba factor in immigrant economic success /$cby Zohra Husaini.
=264  \1$c[1981]
=264  \4$c©1981
=300  \\$a1 online resource (xi pages, 1 unnumbered page, 1-124, 124a, 125-147, 147a, 148-244 pages) :$billustrations
=336  \\$atext$btxt$2rdacontent
=337  \\$acomputer$bc$2rdamedia
=338  \\$aonline resource$bcr$2rdacarrier
=500  \\$a"A thesis submitted to the Faculty of Graduate Studies and Research in partial fulfillment of the requirements for the degree of Doctor of Philosophy, Department of Sociology."
=502  \\$bPh. D.$cUniversity of Alberta$d1981.
=504  \\$aIncludes bibliographical references (pages 228-244).
=650  \0$aWomen foreign workers$zCanada.
=650  \0$aWomen$xEmployment$zCanada.
=650  \0$aEast Indians$xEmployment$zCanada.
=710  2\$aUniversity of Alberta.$bDepartment of Sociology.
=900  \\$aNK51504
=949  \\$zUAIN$zETHESIS

