=LDR  01318ntm a22003251i 4500
=001  uab09283482
=003  UAB
=005  20141031153922.0
=006  m|||||o||d||||||||
=007  cr||||||||||||
=008  141031t19801980xx\\\\\\obm\\\000\0\eng\d
=040  \\$aUAB$beng$erda$cUAB
=050  \4$aPS217.N42$bJ66 1980
=090  \\$aInternet Access$bAEU
=100  1\$aJones, Jeremy F.,$eauthor.
=245  10$aTowards a revised definition of naturalism in nineteenth-century literature /$cby Jeremy F. Jones.
=264  \1$c[1980]
=264  \4$c©1980
=300  \\$a1 online resource (vii, 208 pages)
=336  \\$atext$btxt$2rdacontent
=337  \\$acomputer$bc$2rdamedia
=338  \\$aonline resource$bcr$2rdacarrier
=500  \\$a"A thesis submitted to the Faculty of Graduate Studies and Research in partial fulfilment of the requirements for the degree of Doctor of Philosophy, Department of Comparative Literature."
=502  \\$bPh. D.$cUniversity of Alberta$d1980.
=504  \\$aIncludes bibliographical references (pages 197-208).
=650  \0$aAmerican literature$y19th century$xHistory and criticism.
=650  \0$aEuropean literature$y19th century$xHistory and criticism.
=650  \0$aNaturalism in literature.
=710  2\$aUniversity of Alberta.$bDepartment of Comparative Literature.
=900  \\$aNK51512
=949  \\$zUAIN$zETHESIS

