=LDR  01226ntm a22003251i 4500
=001  uab09283493
=003  UAB
=005  20141031154724.0
=006  m|||||o||d||||||||
=007  cr||||||||||||
=008  141031t19811981xx\\\\\\obm\\\000\0deng\d
=040  \\$aUAB$beng$erda$cUAB
=050  \4$aPR6019.O9$bZ692 1981
=090  \\$aInternet Access$bAEU
=100  1\$aJoyce, Thomas Michael,$eauthor.
=245  14$aThe aesthetic process :$bartistic theory in the works of James Joyce /$cby Thomas Michael Joyce.
=264  \1$c[1981]
=264  \4$c©1981
=300  \\$a1 online resource (ix, 290 pages)
=336  \\$atext$btxt$2rdacontent
=337  \\$acomputer$bc$2rdamedia
=338  \\$aonline resource$bcr$2rdacarrier
=500  \\$a"A thesis submitted to the Faculty of Graduate Studies and Research in partial fulfilment of the requirements for the degree of Doctor of Philosophy, Department of English."
=502  \\$bPh. D.$cUniversity of Alberta$d1981.
=504  \\$aIncludes bibliographical references (pages 248-257).
=600  10$aJoyce, James,$d1882-1941$xAesthetics.
=650  \0$aNaturalism in literature.
=650  \0$aRomanticism.
=710  2\$aUniversity of Alberta.$bDepartment of English.
=900  \\$aNK51515
=949  \\$zUAIN$zETHESIS

