=LDR  01387ntm a22003371i 4500
=001  uab09283522
=003  UAB
=005  20141031162503.0
=006  m|||||o||d||||||||
=007  cr||||||||||||
=008  141031t19811981xx\af\\\obm\\\000\0dspa\d
=040  \\$aUAB$beng$erda$cUAB
=041  0\$aspa$beng
=050  \4$aPQ6637.O635$bF7335 1981
=090  \\$aInternet Access$bAEU
=100  1\$aLértora, Juan Carlos,$d1946-$eauthor.
=245  10$a"Topología de la narración en Fragmentos de Apocalipsis, de Gonzalo Torrente Ballester" /$cpor Juan Carlos Lértora.
=264  \1$c[1981]
=264  \4$c©1981
=300  \\$a1 online resource (ix, 261 pages) :$billustrations
=336  \\$atext$btxt$2rdacontent
=337  \\$acomputer$bc$2rdamedia
=338  \\$aonline resource$bcr$2rdacarrier
=500  \\$a"A thesis submitted to the Faculty of Graduate Studies and Research in partial fulfilment of the requirements for the degree of Ph. D. in Hispanic Literatures, Department of Romance Languages."
=502  \\$bPh. D.$cUniversity of Alberta$d1981.
=504  \\$aIncludes bibliographical references (pages 249-261).
=546  \\$aIn Spanish; includes abstract in English.
=600  10$aTorrente Ballester, Gonzalo.$tFragmentos de Apocalipsis.
=650  \0$aDiscourse analysis, Narrative.
=710  2\$aUniversity of Alberta.$bDepartment of Romance Languages.
=900  \\$aNK51531
=949  \\$zUAIN$zETHESIS

