=LDR  01325ntm a22003491i 4500
=001  uab09283526
=003  UAB
=005  20141031163233.0
=006  m|||||o||d||||||||
=007  cr||||||||||||
=008  141031t19811981xx\adf\\obm\\\000\0\eng\d
=040  \\$aUAB$beng$erda$cUAB
=050  \4$aQK629.N5$bM33 1981
=090  \\$aInternet Access$bAEU
=100  1\$aMcCaskill, Robert Hugh,$eauthor.
=245  10$aStructural and synthetic studies on some fungal metabolites /$cby Robert Hugh McCaskill.
=264  \1$c[1981]
=264  \4$c©1981
=300  \\$a1 online resource (x, 239 pages) :$billustrations
=336  \\$atext$btxt$2rdacontent
=337  \\$acomputer$bc$2rdamedia
=338  \\$aonline resource$bcr$2rdacarrier
=500  \\$a"A thesis submitted to the Faculty of Graduate Studies and Research in partial fulfilment of the requirements for the degree of Doctor of Philosophy, Department of Chemistry."
=502  \\$bPh. D.$cUniversity of Alberta$d1981.
=504  \\$aIncludes bibliographical references.
=590  \\$aLibrary copy imperfect: page 155 unreadable.
=650  \0$aNidulariaceae.
=650  \0$aFungal metabolites$xStructure.
=650  \0$aFungal metabolites$xSynthesis.
=650  \0$aSesquiterpenes$xSynthesis.
=710  2\$aUniversity of Alberta.$bDepartment of Chemistry.
=900  \\$aNK51538
=949  \\$zUAIN$zETHESIS

