=LDR  01209ntm a22003251i 4500
=001  uab09283558
=003  UAB
=005  20141031170823.0
=006  m|||||o||d||||||||
=007  cr||||||||||||
=008  141031t19811981xx\adf\\obm\\\000\0\eng\d
=040  \\$aUAB$beng$erda$cUAB
=050  \4$aQP552.A27$bN34 1981
=090  \\$aInternet Access$bAEU
=100  1\$aNagainis, Peter Andrew,$eauthor.
=245  10$aProteolysis of Z-disc actin /$cby Peter Andrew Nagainis.
=264  \1$c[1981]
=264  \4$c©1981
=300  \\$a1 online resource (xvii, 149 pages) :$billustrations
=336  \\$atext$btxt$2rdacontent
=337  \\$acomputer$bc$2rdamedia
=338  \\$aonline resource$bcr$2rdacarrier
=500  \\$a"A thesis submitted to the Faculty of Graduate Studies and Research in partial fulfillment of the requirements for the degree of Doctor of Philosophy, Department of Food Science."
=502  \\$bPh. D.$cUniversity of Alberta$d1981.
=504  \\$aIncludes bibliographical references (pages 127-138).
=650  \0$aActin$xMetabolism.
=650  \0$aStriated muscle$xPhysiology.
=650  \0$aChickens$xPhysiology.
=710  2\$aUniversity of Alberta.$bDepartment of Food Science.
=900  \\$aNK51554
=949  \\$zUAIN$zETHESIS

