=LDR  01301ntm a22003251i 4500
=001  uab09283570
=003  UAB
=005  20141031173654.0
=006  m|||||o||d||||||||
=007  cr||||||||||||
=008  141031t19811981xx\\\\\\obm\\\000\0\eng\d
=040  \\$aUAB$beng$erda$cUAB
=043  \\$ae-xr---
=050  \4$aJN2229.A56$bN48 1981
=090  \\$aInternet Access$bAEU
=100  1\$aNeudorflová, Marie L.,$d1940-$eauthor.
=245  14$aThe Czech Liberal Party and its political activity, 1891-1897 /$cby Marie L. Neudorfl.
=264  \1$c[1981]
=264  \4$c©1981
=300  \\$a1 online resource (vi pages, 2 unnumbered pages, 317 pages)
=336  \\$atext$btxt$2rdacontent
=337  \\$acomputer$bc$2rdamedia
=338  \\$aonline resource$bcr$2rdacarrier
=500  \\$a"A thesis submitted to the Faculty of Graduate Studies and Research in partial fulfilment of the requirements for the degree of Doctor of Philosophy, Department of History."
=502  \\$bPh. D.$cUniversity of Alberta$d1981.
=504  \\$aIncludes bibliographical references (pages 282-317).
=610  20$aNational Liberal Party (Czech Republic)$xHistory$y19th century.
=651  \0$aCzech Republic$xPolitics and government$y19th century.
=710  2\$aUniversity of Alberta.$bDepartment of History.
=900  \\$aNK51556
=949  \\$zUAIN$zETHESIS

