=LDR  01242ntm a22003131i 4500
=001  uab09283671
=003  UAB
=005  20141101101002.0
=006  m|||||o||d||||||||
=007  cr||||||||||||
=008  141101t19811981xx\afg\\obm\\\000\0\eng\d
=040  \\$aUAB$beng$erda$cUAB
=050  \4$aML3197$b.Q74 1981
=090  \\$aInternet Access$bAEU
=100  1\$aQureshi, Regula,$eauthor.
=245  10$aQawwali :$bsound, context and meaning in Indo-Muslim Sufi music /$cby Regula Burckhardt Qureshi.
=264  \1$c[1981]
=264  \4$c©1981
=300  \\$a1 online resource (xxiii, 1-394, 394a, 395-488 pages) :$billustrations, music
=336  \\$atext$btxt$2rdacontent
=337  \\$acomputer$bc$2rdamedia
=338  \\$aonline resource$bcr$2rdacarrier
=500  \\$a"A thesis submitted to the Faculty of Graduate Studies and Research in partial fulfilment of the requirements for the degree of Doctor of Philosophy, Department of Anthropology."
=502  \\$bPh. D.$cUniversity of Alberta$d1981.
=504  \\$aIncludes bibliographical references (pages 470-488).
=650  \0$aQawwālī$xAnalysis, appreciation.
=650  \0$aQawwālī$xPerformances.
=710  2\$aUniversity of Alberta.$bDepartment of Anthropology.
=900  \\$2NK51566
=949  \\$zUAIN$zETHESIS

