=LDR  01181ntm a22003011i 4500
=001  uab09283682
=003  UAB
=005  20141101114739.0
=006  m|||||o||d||||||||
=007  cr||||||||||||
=008  141101t19811981xx\abdf\obm\\\000\0\eng\d
=040  \\$aUAB$beng$erda$cUAB
=050  \4$aQK494.5.P66$bR53 1981
=090  \\$aInternet Access$bAEU
=100  1\$aRichards, James Harlan,$eauthor.
=245  10$aEcophysiology of a deciduous timberline tree, Larix lyallii Parl. /$cby James Harlan Richards.
=264  \1$c[1981]
=264  \4$c©1981
=300  \\$a1 online resource (xvii, 228 pages) :$billustrations, maps
=336  \\$atext$btxt$2rdacontent
=337  \\$acomputer$bc$2rdamedia
=338  \\$aonline resource$bcr$2rdacarrier
=500  \\$a"A thesis submitted to the Faculty of Graduate Studies and Research in partial fulfilment of the requirements for the degree of Doctor of Philosophy in Plant Ecology, Department of Botany."
=502  \\$bPh. D.$cUniversity of Alberta$d1981.
=504  \\$aIncludes bibliographical references (pages 197-211).
=650  \0$aLarches$xEcophysiology.
=710  2\$aUniversity of Alberta.$bDepartment of Botany.
=900  \\$aNK51572
=949  \\$zUAIN$zETHESIS

