=LDR  01286ntm a22003371i 4500
=001  uab09283684
=003  UAB
=005  20141101115756.0
=006  m|||||o||d||||||||
=007  cr||||||||||||
=008  141101t19811981xx\a\\\\obm\\\000\0\eng\d
=040  \\$aUAB$beng$erda$cUAB
=050  \4$aRA1063.4$b.R67 1981
=090  \\$aInternet Access$bAEU
=100  1\$aRoss, Ian,$eauthor.
=245  10$aMedicolegal categories of death :$btaxonomic problems /$cby Ian Ross.
=264  \1$c[1981]
=264  \4$c©1981
=300  \\$a1 online resource (xix, 278 pages) :$billustrations
=336  \\$atext$btxt$2rdacontent
=337  \\$acomputer$bc$2rdamedia
=338  \\$aonline resource$bcr$2rdacarrier
=500  \\$a"A thesis submitted to the Faculty of Graduate Studies and Research in partial fulfilment of the requirements for the degree of Doctor of Philosophy in Sociology, Department of Sociology."
=502  \\$bPh. D.$cUniversity of Alberta$d1981.
=504  \\$aIncludes bibliographical references (pages 265-278).
=590  \\$aLibrary copy imperfect: pages 125, 252 wanting.
=650  \0$aDeath$xCauses$xClassification.
=650  \0$aForensic pathology.
=650  \0$aMedicolegal investigators.
=710  2\$aUniversity of Alberta.$bDepartment of Sociology.
=900  \\$aNK51575
=949  \\$zUAIN$zETHESIS

