=LDR  01346ntm a22003251i 4500
=001  uab09283699
=003  UAB
=005  20141101125802.0
=006  m|||||o||d||||||||
=007  cr||||||||||||
=008  141101t19811981xx\adf\\obm\\\000\0\eng\d
=040  \\$aUAB$beng$erda$cUAB
=043  \\$an-cn-ab
=050  \4$aHD9014.C23$bA37 1981
=090  \\$aInternet Access$bAEU
=100  1\$aSydness, Thomas E.,$eauthor.
=245  12$aA survey of producers' knowledge and attitudes toward marketing boards operating in the province of Alberta /$cby Thomas E. Sydness.
=264  \1$c[1981]
=264  \4$c©1981
=300  \\$a1 online resource (xvi, 151 pages) :$billustrations
=336  \\$atext$btxt$2rdacontent
=337  \\$acomputer$bc$2rdamedia
=338  \\$aonline resource$bcr$2rdacarrier
=500  \\$a"A thesis submitted to the Faculty of Graduate Studies and Research in partial fulfilment of the requirements for the degree of Master of Business Administration, Department of Business Administration and Commerce."
=502  \\$bM.B.A.$cUniversity of Alberta$d1981.
=504  \\$aIncludes bibliographical references (pages 141-142).
=650  \0$aMarketing boards$zAlberta.
=650  \0$aAgriculture$xEconomic aspects$zAlberta.
=710  2\$aUniversity of Alberta.$bDepartment of Business Administration and Commerce.
=900  \\$aNK51592
=949  \\$zUAIN$zETHESIS

