=LDR  01276ntm a22003251i 4500
=001  uab09283722
=003  UAB
=005  20141101134155.0
=006  m|||||o||d||||||||
=007  cr||||||||||||
=008  141101t19811981xx\\\\\\obm\\\000\0\eng\d
=040  \\$aUAB$beng$erda$cUAB
=050  \4$aPR9190.9.M98$bW38 1981
=090  \\$aInternet Access$bAEU
=100  1\$aWatkin, Janis Kathryn,$eauthor.
=245  10$aExtended forms :$bthe use of myth in modern and contemporary English Canadian poetry /$cby Janis Kathryn Watkin.
=264  \1$c[1981]
=264  \4$c©1981
=300  \\$a1 online resource (vii, 218 pages)
=336  \\$atext$btxt$2rdacontent
=337  \\$acomputer$bc$2rdamedia
=338  \\$aonline resource$bcr$2rdacarrier
=500  \\$a"A thesis submitted to the Faculty of Graduate Studies and Research in partial fulfilment of the requirements for the degree of Doctor of Philosophy, Department of English."
=502  \\$bPh. D.$cUniversity of Alberta$d1981.
=504  \\$aIncludes bibliographical references (pages 209-218).
=590  \\$aLibrary copy imperfect: page 122 scanned twice.
=650  \0$aCanadian poetry$xHistory and criticism.
=650  \0$aMyth in literature.
=710  2\$aUniversity of Alberta.$bDepartment of English.
=900  \\$aNK51602
=949  \\$zUAIN$zETHESIS

