=LDR  01135ntm a22003011i 4500
=001  uab09283738
=003  UAB
=005  20141101140717.0
=006  m|||||o||d||||||||
=007  cr||||||||||||
=008  141101t19811981xx\af\\\obm\\\000\0\eng\d
=040  \\$aUAB$beng$erda$cUAB
=050  \4$aQK898.S49$bA88 1981
=090  \\$aInternet Access$bAEU
=100  1\$aAttah-Poku, Samuel Kwadwo,$eauthor.
=245  10$aSynthetic studies on zierone /$cby Samuel Kwadwo Attah-Poku.
=264  \1$c[1981]
=264  \4$c©1981
=300  \\$a1 online resource (xviii, 231 pages) :$billustrations
=336  \\$atext$btxt$2rdacontent
=337  \\$acomputer$bc$2rdamedia
=338  \\$aonline resource$bcr$2rdacarrier
=500  \\$a"A thesis submitted to the Faculty of Graduate Studies and Research in partial fulfilment of the requirements for the degree of Doctor of Philosophy, Department of Chemistry."
=502  \\$bPh. D.$cUniversity of Alberta$d1981.
=504  \\$aIncludes bibliographical references (pages 226-231).
=650  \0$aSesquiterpenes$xSynthesis.
=710  2\$aUniversity of Alberta.$bDepartment of Chemistry.
=900  \\$aNK53846
=949  \\$zUAIN$zETHESIS

