=LDR  01383ntm a22003611i 4500
=001  uab09283748
=003  UAB
=005  20141101141822.0
=006  m|||||o||d||||||||
=007  cr||||||||||||
=008  141101t19811981xx\adf\\obm\\\000\0\eng\d
=040  \\$aUAB$beng$erda$cUAB
=050  \4$aRA785$b.B37 1981
=090  \\$aInternet Access$bAEU
=100  1\$aBarton, James Wesley,$eauthor.
=245  14$aThe effects of EMG biofeedback and autogenic training on anxiety control and performance of aviation pilots /$cby James Wesley Barton.
=264  \1$c[1981]
=264  \4$c©1981
=300  \\$a1 online resource (xiv, 121 pages) :$billustrations
=336  \\$atext$btxt$2rdacontent
=337  \\$acomputer$bc$2rdamedia
=338  \\$aonline resource$bcr$2rdacarrier
=500  \\$a"A thesis submitted to the Faculty of Graduate Studies and Research in partial fulfillment of the requirements for the degree of Doctor of Philosophy, Department of Physical Education."
=502  \\$bPh. D.$cUniversity of Alberta$d1981.
=504  \\$aIncludes bibliographical references (pages [77]-86).
=650  \0$aStress management.
=650  \0$aAnxiety.
=650  \0$aBiofeedback training.
=650  \0$aElectromyography.
=650  \0$aAutogenic training.
=650  \0$aAir pilots$xPsychology.
=710  2\$aUniversity of Alberta.$bDepartment of Physical Education.
=900  \\$aNK53851
=949  \\$zUAIN$zETHESIS

