=LDR  01276ntm a22003251i 4500
=001  uab09283750
=003  UAB
=005  20141101142041.0
=006  m|||||o||d||||||||
=007  cr||||||||||||
=008  141101t19811981xx\adf\\obm\\\000\0\eng\d
=040  \\$aUAB$beng$erda$cUAB
=050  \4$aQD96.I47$bB45 1981
=090  \\$aInternet Access$bAEU
=100  1\$aBelchamber, R. M.,$eauthor.
=245  10$aNoise characterization of an inductively coupled plasma for atomic emission analysis /$cby Ronald M. Belchamber.
=264  \1$c[1981]
=264  \4$c©1981
=300  \\$a1 online resource (xviii, 202 pages) :$billustrations
=336  \\$atext$btxt$2rdacontent
=337  \\$acomputer$bc$2rdamedia
=338  \\$aonline resource$bcr$2rdacarrier
=500  \\$a"A thesis submitted to the Faculty of Graduate Studies and Research in partial fulfilment of the requirements for the degree of Doctor of Philosophy, Department Chemistry."
=502  \\$bPh. D.$cUniversity of Alberta$d1981.
=504  \\$aIncludes bibliographical references (pages 157-164).
=650  \0$aInductively coupled plasma atomic emission spectrometry.
=650  \0$aSignal processing.
=650  \0$aNoise$xMeasurement.
=710  2\$aUniversity of Alberta.$bDepartment of Chemistry.
=900  \\$aNK53855
=949  \\$zUAIN$zETHESIS

