=LDR  01317ntm a22003251i 4500
=001  uab09283752
=003  UAB
=005  20141101142340.0
=006  m|||||o||d||||||||
=007  cr||||||||||||
=008  141101t19811981xx\bf\\\obm\\\000\0\eng\d
=040  \\$aUAB$beng$erda$cUAB
=043  \\$an-cn-ab
=050  \4$aHN110.E36$bB48 1981
=090  \\$aInternet Access$bAEU
=100  1\$aBetke, Carl Frederick,$eauthor.
=245  14$aThe development of urban community in prairie Canada :$bEdmonton, 1898-1921 /$cby Carl Frederick Betke.
=264  \1$c[1981]
=264  \4$c©1981
=300  \\$a1 online resource (x, 1-272, [xi]-xiii, 273-660 pages) :$bmaps
=336  \\$atext$btxt$2rdacontent
=337  \\$acomputer$bc$2rdamedia
=338  \\$aonline resource$bcr$2rdacarrier
=500  \\$a"A thesis submitted to the Faculty of Graduate Studies and Research in partial fulfilment of the requirements for the degree of Doctor of Philosophy, Department of History."
=502  \\$bPh. D.$cUniversity of Alberta$d1981.
=504  \\$aIncludes bibliographical references (pages 613-651).
=650  \0$aCommunity development, Urban$zAlberta$zEdmonton$xHistory$y20th century.
=651  \0$aEdmonton (Alta.)$xEconomic conditions$y20th century.
=710  2\$aUniversity of Alberta.$bDepartment of History.
=900  \\$aNK53865
=949  \\$zUAIN$zETHESIS

