=LDR  01399ntm a22003491i 4500
=001  uab09283755
=003  UAB
=005  20141101143042.0
=006  m|||||o||d||||||||
=007  cr||||||||||||
=008  141101t19811981xx\adf\\obm\\\000\0\eng\d
=040  \\$aUAB$beng$erda$cUAB
=050  \4$aQL638.C94$bC66 1981
=090  \\$aInternet Access$bAEU
=100  1\$aCook, Alan Frank,$eauthor.
=245  10$aValidation of a growth hormone radioimmunoassay and its application to neuroendocrine studies in the goldfish, Carassius auratus /$cby Alan Frank Cook.
=264  \1$c[1981]
=264  \4$c©1981
=300  \\$a1 online resource (xviii, 191 pages) :$billustrations
=336  \\$atext$btxt$2rdacontent
=337  \\$acomputer$bc$2rdamedia
=338  \\$aonline resource$bcr$2rdacarrier
=500  \\$a"A thesis submitted to the Faculty of Graduate Studies and Research in partial fulfilment of the requirements for the degree of Doctor of Philosophy, Department of Zoology."
=502  \\$bPh. D.$cUniversity of Alberta$d1981.
=504  \\$aIncludes bibliographical references (pages 169-182).
=590  \\$aLibrary copy imperfect: pages viii-xi, 5-7, 87-90, 102-104, 184-187 faded.
=650  \0$aGoldfish$xPhysiology.
=650  \0$aSomatotropin.
=650  \0$aRadioimmunoassay.
=650  \0$aNeuroendocrinology.
=710  2\$aUniversity of Alberta.$bDepartment of Zoology.
=900  \\$aNK53887
=949  \\$zUAIN$zETHESIS

