=LDR  01239ntm a22003251i 4500
=001  uab09283779
=003  UAB
=005  20141101154806.0
=006  m|||||o||d||||||||
=007  cr||||||||||||
=008  141101t19811981xx\adf\\obm\\\000\0\eng\d
=040  \\$aUAB$beng$erda$cUAB
=050  \4$aQC921.6.C6$bF73 1981
=090  \\$aInternet Access$bAEU
=100  1\$aFrancis, Bernard Frederick,$eauthor.
=245  10$aRaman spectra of ice II and ice IX at 35 K and atmospheric pressure /$cby Bernard Frederick Francis.
=264  \1$c[1981]
=264  \4$c©1981
=300  \\$a1 online resource (xvi, 283 pages) :$billustrations
=336  \\$atext$btxt$2rdacontent
=337  \\$acomputer$bc$2rdamedia
=338  \\$aonline resource$bcr$2rdacarrier
=500  \\$a"A thesis submitted to the Faculty of Graduate Studies and Research in partial fulfilment of the requirements for the degree of Doctor of Philosophy, Department of Chemistry."
=502  \\$bPh. D.$cUniversity of Alberta$d1981.
=504  \\$aIncludes bibliographical references (pages 243-254).
=650  \0$aIce crystals$xSpectra.
=650  \0$aRaman effect.
=650  \0$aAtmospheric pressure.
=710  2\$aUniversity of Alberta.$bDepartment of Chemistry.
=900  \\$aNK53914
=949  \\$zUAIN$zETHESIS

