=LDR  01280ntm a22003371i 4500
=001  uab09284122
=003  UAB
=005  20141103125433.0
=006  m|||||o||d||||||||
=007  cr||||||||||||
=008  141103t19811981xx\adf\\obm\\\000\0\eng\d
=040  \\$aUAB$beng$erda$cUAB
=050  \4$aQK623.S23$bL6 1981
=090  \\$aInternet Access$bAEU
=100  1\$aLo, Reggie Yat-Chiu,$eauthor.
=245  12$aA mutation in Saccharomyces cerevisiae defective in the production of dihydrouridine in tRNA /$cby Reggie Yat-Chiu Lo.
=264  \1$c[1981]
=264  \4$c©1981
=300  \\$a1 online resource (xiii, 181 pages) :$billustrations
=336  \\$atext$btxt$2rdacontent
=337  \\$acomputer$bc$2rdamedia
=338  \\$aonline resource$bcr$2rdacarrier
=500  \\$a"A thesis submitted to the Faculty of Graduate Studies and Research in partial fulfilment of the requirements for the degree of Doctor of Philosophy, Department of Genetics."
=502  \\$bPh. D.$cUniversity of Alberta$d1981.
=504  \\$aIncludes bibliographical references (pages 152-175).
=650  \0$aSaccharomyces cerevisiae$xGenetics.
=650  \0$aAnimal mutation.
=650  \0$aUridine.
=650  \0$aTransfer RNA.
=710  2\$aUniversity of Alberta.$bDepartment of Genetics.
=900  \\$aNK53974
=949  \\$zUAIN$zETHESIS

