=LDR  01428ntm a22003491i 4500
=001  uab09284136
=003  UAB
=005  20141103132019.0
=006  m|||||o||d||||||||
=007  cr||||||||||||
=008  141103t19811981xx\a\\\\obm\\\000\0\eng\d
=040  \\$aUAB$beng$erda$cUAB
=050  \4$aPG2221$b.P78 1981
=090  \\$aInternet Access$bAEU
=100  1\$aPrud'homme, David Henri,$d1949-$eauthor.
=245  14$aThe Russian prepositionless instrumental and case theory /$cby David Henri Prud'homme.
=264  \1$c[1981]
=264  \4$c©1981
=300  \\$a1 online resource (ix, 292 pages) :$billustrations
=336  \\$atext$btxt$2rdacontent
=337  \\$acomputer$bc$2rdamedia
=338  \\$aonline resource$bcr$2rdacarrier
=500  \\$a"A thesis submitted to the Faculty of Graduate Studies and Research in partial fulfilment of the requirements for the degree of Doctor of Philosophy in Slavic Linguistics, Department of Slavic Languages."
=502  \\$bPh. D.$cUniversity of Alberta$d1981.
=504  \\$aIncludes bibliographical references (pages 283-292).
=650  \0$aRussian language$xCase grammar.
=650  \0$aEnglish language$xCase grammar.
=650  \0$aRussian language$xPrepositions.
=650  \0$aRussian language$xGrammar, Comparative$xEnglish.
=650  \0$aEnglish language$xGrammar, Comparative$xRussian.
=710  2\$aUniversity of Alberta.$bDepartment of Slavic Languages.
=900  \\$aNK54016
=949  \\$zUAIN$zETHESIS

