=LDR  01508ntm a22003611i 4500
=001  uab09284149
=003  UAB
=005  20141103142035.0
=006  m|||||o||d||||||||
=007  cr||||||||||||
=008  141103t19811981xx\adf\\obm\\\000\0\eng\d
=040  \\$aUAB$beng$erda$cUAB
=050  \4$aQD471$b.R34 1981
=090  \\$aInternet Access$bAEU
=100  1\$aRahimi, Parviz M.,$d1946-$eauthor.
=245  10$aI, Free radical cyanation ;$bII, Polar effects and the viscosity dependence of termination reactions of simple alkyl radicals /$cby Parviz Mashhadi Rahimi.
=264  \1$c[1981]
=264  \4$c©1981
=300  \\$a1 online resource (xvi, 177 pages) :$billustrations
=336  \\$atext$btxt$2rdacontent
=337  \\$acomputer$bc$2rdamedia
=338  \\$aonline resource$bcr$2rdacarrier
=500  \\$a"A thesis submitted to the Faculty of Graduate Studies and Research in partial fulfilment of the requirements for the degree of Doctor of Philosophy in Chemistry."
=502  \\$bPh. D.$cUniversity of Alberta$d1981.
=504  \\$aIncludes bibliographical references (pages 167-175).
=650  \0$aFree radical reactions.
=650  \0$aCyanides.
=650  \0$aPeroxides.
=650  \0$aFree radicals (Chemistry)
=700  12$aRahimi, Parviz M.,$d1946-$tFree radical cyanation.
=700  12$aRahimi, Parviz M.,$d1946-$tPolar effects and the viscosity dependence of termination reactions of simple alkyl radicals.
=710  2\$aUniversity of Alberta.$bDepartment of Chemistry.
=900  \\$aNK54019
=949  \\$zUAIN$zETHESIS

