=LDR  01207ntm a22003131i 4500
=001  uab09284272
=003  UAB
=005  20141103152616.0
=006  m|||||o||d||||||||
=007  cr||||||||||||
=008  141103t19811981xx\adf\\obm\\\000\0\eng\d
=040  \\$aUAB$beng$erda$cUAB
=050  \4$aQR82.E6$bS37 1981
=090  \\$aInternet Access$bAEU
=100  1\$aSchryvers, Anthony B.,$eauthor.
=245  14$aThe aerobic and the anaerobic glycerol-3-phosphate dehydrogenases of Escherichia coli /$cby Anthony B. Schryvers.
=264  \1$c[1981]
=264  \4$c©1981
=300  \\$a1 online resource (xix, 181 pages) :$billustrations
=336  \\$atext$btxt$2rdacontent
=337  \\$acomputer$bc$2rdamedia
=338  \\$aonline resource$bcr$2rdacarrier
=500  \\$a"A thesis submitted to the Faculty of Graduate Studies and Research in partial fulfilment of the requirements for the degree of Doctor of Philosophy, Biochemistry."
=502  \\$bPh. D.$cUniversity of Alberta$d1981.
=504  \\$aIncludes bibliographical references (pages 174-181).
=650  \0$aEscherichia coli$xPhysiology.
=650  \0$aDehydrogenases.
=710  2\$aUniversity of Alberta.$bDepartment of Biochemistry.
=900  \\$aNK54030
=949  \\$zUAIN$zETHESIS

