=LDR  01205ntm a22003371i 4500
=001  uab09284615
=003  UAB
=005  20141104091119.0
=006  m|||||o||d||||||||
=007  cr||||||||||||
=008  141104t19811981xx\df\\\obm\\\000\0\eng\d
=040  \\$aUAB$beng$erda$cUAB
=050  \4$aBF723.C63$bK63 1981
=090  \\$aInternet Access$bAEU
=100  1\$aKoch, William J.,$d1951-$eauthor.
=245  10$aMaternal command rate and child compliance /$cby William J. Koch.
=264  \1$c[1981]
=264  \4$c©1981
=300  \\$a1 online resource (ix, 121 pages) :$billustrations
=336  \\$atext$btxt$2rdacontent
=337  \\$acomputer$bc$2rdamedia
=338  \\$aonline resource$bcr$2rdacarrier
=500  \\$a"A thesis submitted to the Faculty of Graduate Studies and Research in partial fulfilment of the requirements for the degree of Doctor of Philosophy, Psychology."
=502  \\$bPh. D.$cUniversity of Alberta$d1981.
=504  \\$aIncludes bibliographical references (pages 68-74).
=650  \0$aCompliance.
=650  \0$aChild psychology.
=650  \0$aMother and child.
=650  \0$aChild rearing.
=710  2\$aUniversity of Alberta.$bDepartment of Psychology.
=900  \\$aNK56903
=949  \\$zUAIN$zETHESIS

