=LDR  01523ntm a22003851i 4500
=001  uab09284705
=003  UAB
=005  20141104104809.0
=006  m|||||o||d||||||||
=007  cr||||||||||||
=008  141104t19821982xx\\\\\\obm\\\000\0\eng\d
=040  \\$aUAB$beng$erda$cUAB
=043  \\$an-cn-ab
=050  \4$aHT127$b.S76 1982
=090  \\$aInternet Access$bAEU
=100  1\$aStokes, Dennis W.,$eauthor.
=245  10$aDeterminants of social contact in urban--small town settings :$ban empirical analysis of Leduc and Edmonton, Alberta /$cby Dennis W. Stokes.
=264  \1$c[1982]
=264  \4$c©1982
=300  \\$a1 online resource (xii, 297 pages)
=336  \\$atext$btxt$2rdacontent
=337  \\$acomputer$bc$2rdamedia
=338  \\$aonline resource$bcr$2rdacarrier
=500  \\$a"A thesis submitted to the Faculty of Graduate Studies and Research in partial fulfilment of the requirements for the degree of Doctor of Philosophy, Department of Sociology."
=502  \\$bPh. D.$cUniversity of Alberta$d1982.
=504  \\$aIncludes bibliographical references (pages 187-201).
=590  \\$aLibrary copy imperfect: page 290 inserted after page 297.
=650  \0$aSociology, Urban$zAlberta$zLeduc.
=650  \0$aSociology, Urban$zAlberta$zEdmonton.
=650  \0$aSuburbs$zAlberta$zLeduc.
=650  \0$aSuburbs$zAlberta$zEdmonton.
=650  \0$aSmall cities$zAlberta$zLeduc.
=650  \0$aSmall cities$zAlberta$zEdmonton.
=710  2\$aUniversity of Alberta.$bDepartment of Sociology.
=900  \\$aNK60410
=949  \\$zUAIN$zETHESIS

