=LDR  01383ntm a22003251i 4500
=001  uab09284758
=003  UAB
=005  20141104113246.0
=006  m|||||o||d||||||||
=007  cr||||||||||||
=008  141104t19821982xx\abdf\obm\\\000\0\eng\d
=040  \\$aUAB$beng$erda$cUAB
=043  \\$an-us-wa
=050  \4$aQL613$b.Y68 1982
=090  \\$aInternet Access$bAEU
=100  1\$aYoung, Craig M.,$eauthor.
=245  10$aLarval behavior, predation and early post-settling mortality as determinants of spatial distribution in subtidal solitary ascidians of the San Juan Islands, Washington /$cby Craig M. Young.
=264  \1$c[1982]
=264  \4$c©1982
=300  \\$a1 online resource (xv, 260 pages) :$billustrations, map
=336  \\$atext$btxt$2rdacontent
=337  \\$acomputer$bc$2rdamedia
=338  \\$aonline resource$bcr$2rdacarrier
=500  \\$a"A thesis submitted to the Faculty of Graduate Studies and Research in partial fulfilment of the requirements for the degree of Doctor of Philosophy, Zoology."
=502  \\$bPh. D.$cUniversity of Alberta$d1982.
=504  \\$aIncludes bibliographical references (pages 241-260).
=650  \0$aSea squirts$xLarvae$zWashington (State)$zSan Juan Island.
=650  \0$aSea squirts$zWashington (State)$zSan Juan Island$xGeographical distribution.
=710  2\$aUniversity of Alberta.$bDepartment of Zoology.
=900  \\$aNK60433
=949  \\$zUAIN$zETHESIS

