=LDR  01346ntm a22003371i 4500
=001  uab09284765
=003  UAB
=005  20141104114042.0
=006  m|||||o||d||||||||
=007  cr||||||||||||
=008  141104t19821982xx\adf\\obm\\\000\0\eng\d
=040  \\$aUAB$beng$erda$cUAB
=050  \4$aRA781.2$b.H37 1982
=090  \\$aInternet Access$bAEU
=100  1\$aHartsell, Heather D.,$eauthor.
=245  12$aA comparison of techniques of electrical muscle stimulation concurrent with isometric exercise on the development of quadriceps strength /$cby Heather D. Hartsell.
=264  \1$c[1982]
=264  \4$c©1982
=300  \\$a1 online resource (xv, 167 pages) :$billustrations
=336  \\$atext$btxt$2rdacontent
=337  \\$acomputer$bc$2rdamedia
=338  \\$aonline resource$bcr$2rdacarrier
=500  \\$a"A thesis submitted to the Faculty of Graduate Studies and Research in partial fulfilment of the requirements for the degree of Doctor of Philosophy, Department of Physical Education."
=502  \\$bPh. D.$cUniversity of Alberta$d1982.
=504  \\$aIncludes bibliographical references (pages 123-129).
=650  \0$aIsometric exercise.
=650  \0$aElectric stimulation.
=650  \0$aQuadriceps muscle.
=650  \0$aMuscle strength.
=710  2\$aUniversity of Alberta.$bDepartment of Physical Education.
=900  \\$aNK60452
=949  \\$zUAIN$zETHESIS

