=LDR  01360ntm a22003371i 4500
=001  uab09284788
=003  UAB
=005  20141104120659.0
=006  m|||||o||d||||||||
=007  cr||||||||||||
=008  141104t19821982xx\adf\\obm\\\000\0\eng\d
=040  \\$aUAB$beng$erda$cUAB
=050  \4$aQK495.L527$bM35 1982
=090  \\$aInternet Access$bAEU
=100  1\$aMalek, Ladislav,$eauthor.
=245  10$aSome aspects of development and metabolism in nitrate- and sulfate-deficient Spirodela polyrhiza /$cby Ladislav Malek.
=264  \1$c[1982]
=264  \4$c©1982
=300  \\$a1 online resource (xi, 87 pages) :$billustrations
=336  \\$atext$btxt$2rdacontent
=337  \\$acomputer$bc$2rdamedia
=338  \\$aonline resource$bcr$2rdacarrier
=500  \\$a"A thesis submitted to the Faculty of Graduate Studies and Research in partial fulfilment of the requirements for the degree of Doctor of Philosophy in Plant Biochemistry, Department of Botany."
=502  \\$bPh. D.$cUniversity of Alberta$d1982.
=504  \\$aIncludes bibliographical references (pages 79-87).
=650  \0$aSpirodela polyrrhiza$xDevelopment.
=650  \0$aSpirodela polyrrhiza$xMetabolism.
=650  \0$aPlants$xEffect of nitrates on.
=650  \0$aSpirodela polyrrhiza$xEffect of sulfates on.
=710  2\$aUniversity of Alberta.$bDepartment of Botany.
=900  \\$aNK60457
=949  \\$zUAIN$zETHESIS

