=LDR  01148ntm a22003131i 4500
=001  uab09284802
=003  UAB
=005  20141104121954.0
=006  m|||||o||d||||||||
=007  cr||||||||||||
=008  141104t19821982xx\adf\\obm\\\000\0\eng\d
=040  \\$aUAB$beng$erda$cUAB
=050  \4$aBF319$b.M37 1982
=090  \\$aInternet Access$bAEU
=100  1\$aMarshal, Merrill Layne,$eauthor.
=245  10$aSignal directed behavior in dogs /$cby M.L. Marshal.
=264  \1$c[1982]
=264  \4$c©1982
=300  \\$a1 online resource (xii, 113 pages) :$billustrations
=336  \\$atext$btxt$2rdacontent
=337  \\$acomputer$bc$2rdamedia
=338  \\$aonline resource$bcr$2rdacarrier
=500  \\$a"A thesis submitted to the Faculty of Graduate Studies and Research in partial fulfilment of the requirements for the degree of Doctor of Philosophy, Department of Psychology."
=502  \\$bPh. D.$cUniversity of Alberta$d1982.
=504  \\$aIncludes bibliographical references (pages 87-91).
=650  \0$aClassical conditioning.
=650  \0$aDogs$xBehavior.
=710  2\$aUniversity of Alberta.$bDepartment of Psychology.
=900  \\$aNK60470
=949  \\$zUAIN$zETHESIS

