=LDR  01329ntm a22003371i 4500
=001  uab09284833
=003  UAB
=005  20141104123921.0
=006  m|||||o||d||||||||
=007  cr||||||||||||
=008  141104t19821982xx\af\\\obm\\\000\0\eng\d
=040  \\$aUAB$beng$erda$cUAB
=043  \\$aa-pk---
=050  \4$aJQ629.A58$bM68 1982
=090  \\$aInternet Access$bAEU
=100  1\$aMoten, A. Rashid,$eauthor.
=245  10$aPolitical elites and political instability in Pakistan /$cby A. Rashid Moten.
=264  \1$c[1982]
=264  \4$c©1982
=300  \\$a1 online resource (xii, 295 pages) :$billustration
=336  \\$atext$btxt$2rdacontent
=337  \\$acomputer$bc$2rdamedia
=338  \\$aonline resource$bcr$2rdacarrier
=500  \\$a"A thesis submitted to the Faculty of Graduate Studies and Research in partial fulfilment of the requirements for the degree of Doctor of Philosophy, Political Science."
=502  \\$bPh. D.$cUniversity of Alberta$d1982.
=504  \\$aIncludes bibliographical references (pages 222-266).
=650  \0$aPolitical stability$zPakistan$xHistory$y20th century.
=650  \0$aElite (Social sciences)$xPolitical activity$zPakistan.
=650  \0$aPakistan$xPolitics and government$y20th century.
=710  2\$aUniversity of Alberta.$bDepartment of Political Science.
=900  \\$aNK60471
=949  \\$zUAIN$zETHESIS

