=LDR  01167ntm a22003131i 4500
=001  uab09284860
=003  UAB
=005  20141104124813.0
=006  m|||||o||d||||||||
=007  cr||||||||||||
=008  141104t19821982xx\af\\\obm\\\000\0\eng\d
=040  \\$aUAB$beng$erda$cUAB
=050  \4$aP325$b.M34 1982
=090  \\$aInternet Access$bAEU
=100  1\$aMagnera, Georgia E.,$eauthor.
=245  10$aVariation in organizing the lexicon /$cby Georgia E. Magnera.
=264  \1$c[1982]
=264  \4$c©1982
=300  \\$a1 online resource (xv, 386 pages) :$billustrations
=336  \\$atext$btxt$2rdacontent
=337  \\$acomputer$bc$2rdamedia
=338  \\$aonline resource$bcr$2rdacarrier
=500  \\$a"A thesis submitted to the Faculty of Graduate Studies and Research in partial fulfilment of the requirements for the degree of Doctor of Philosophy in Psycholinguistics, Department of Linguistics."
=502  \\$bPh. D.$cUniversity of Alberta$d1982.
=504  \\$aIncludes bibliographical references (pages 297-315).
=650  \0$aSemantics.
=650  \0$aPsycholinguistics.
=710  2\$aUniversity of Alberta.$bDepartment of Linguistics.
=900  \\$aNK60484
=949  \\$zUAIN$zETHESIS

